4786 6002
802 1081 1149 1156 Scusuum
1210 1097 1499 1166 organo

944 1255 1002 1308 ras.
1022 1255 1058 1308 rr.
1085 1255 1142 1324 ro.
1162 1253 1363 1308 xix-xtra.

356 1473 393 1549 S.
414 1463 475 1542 34.
523 1467 568 1544 lu
593 1466 723 1567 spots
746 1471 844 1550 solus
869 1469 1019 1544 ridendi
1044 1493 1170 1544 sensus
1203 1473 1346 1569 organis
1380 1473 1539 1570 propriis
1573 1473 1767 1548 instructos
1793 1499 1869 1548 esse
1896 1439 2047 1552 ridetur.

255 1589 344 1664 Nam
372 1613 441 1665 neo
465 1573 647 1680 manoe
667 1617 737 1671 nse
762 1595 873 1691 pslpi'
887 1592 1020 1680 adultis
1044 1593 1083 1664 in
1107 1594 1327 1668 animalibus
1351 1597 1594 1692 reperiuntur.
1630 1599 1766 1670 Pertim
1790 1613 1911 1670 autom
1938 1621 2049 1673 coxae

255 1709 395 1808 pedum
421 1711 733 1810 abdomioalium,
753 1739 851 1812 quae
877 1717 917 1789 in
938 1717 1036 1790 linea
1063 1717 1199 1788 ventris
1219 1714 1390 1790 mediana
1415 1716 1570 1812 fossam,
1606 1742 1680 1814 qua
1705 1720 1761 1790 ori
1787 1719 1958 1796 alimenta
1983 1745 2051 1818 ap·

257 1849 462 1932 portantur,
484 1853 727 1936 componunt,
748 1839 796 1914 ad
821 1839 1003 1938 tangenda
1029 1853 1067 1912 et
1091 1835 1256 1935 eligenda
1282 1837 1452 1935 alimenta
1477 1836 1645 1910 adbiberi
1664 1836 1855 1932 ridentur,
1879 1861 1964 1914 nam
1990 1841 2049 1912 iu-

257 1959 437 2034 venilibus
462 1961 501 2034 in
528 1963 747 2042 animalibus
777 1961 1015 2038 mandibulae
1048 1962 1281 2059 processibus
1306 1961 1498 2058 pa'lporum
1533 1961 1712 2034 similibus
1737 1963 1931 2034 instnxctae
1955 1977 2051 2057 sont,

257 2102 366 2174 quae,
390 2083 542 2156 simulac
567 2083 680 2180 pedes
704 2084 957 2160 abdominales
982 2086 1210 2178 evolvuntur,
1236 2082 1451 2156 decrescunt
1476 2097 1587 2180 atque
1613 2097 1842 2158 evanescunt.
1869 2121 1915 2138 ·-
1934 2083 2048 2176 Quod

256 2217 379 2281 cotem
405 2201 453 2279 ad
478 2207 573 2280 risus
599 2207 898 2306 orpsnadpodis
923 2210 1073 2302 attinet,
1098 2208 1210 2280 trium
1234 2208 1395 2304 partium
1417 2206 1491 2280 hoc
1515 2207 1599 2280 loeo
1624 2207 1765 2278 montio
1793 2204 1959 2280 iacienda
1984 2219 2049 2300 est,

256 2327 418 2424 primurn
450 2330 641 2404 oculorum
676 2329 840 2404 duorum
874 2332 1189 2430 compositorum,
1220 2341 1301 2401 tum
1337 2328 1460 2422 oculi,
1493 2328 1558 2424 qui
1592 2329 1810 2400 iuvenilibus
1833 2327 2052 2400 animalibus
2103 2415 2111 2422 ,

256 2453 428 2549 proprius
452 2456 491 2526 in
513 2453 650 2526 adultis
672 2454 850 2532 decrescit
874 2470 911 2530 et
935 2467 1200 2546 commutatur,
1245 2449 1407 2548 denique
1431 2453 1544 2547 partis
1569 2452 1682 2546 illius,
1709 2475 1804 2548 quae
1825 2451 1931 2548 vulgo
1959 2473 2049 2522 oeu-

258 2577 491 2673 lus'simplex
517 2579 740 2652 nominatur.

356 2707 388 2782 S·
411 2704 473 2774 35·
527 2699 639 2774 Oculi
661 2706 868 2802 compositi.
901 2715 950 2756 ·-'
982 2705 1096 2778 Priiui
1122 2705 1162 2778 in
1187 2713 1426 2800 conspectum
1450 2699 1601 2772 veniunt
1626 2691 1721 2770 oculi
1745 2698 1867 2794 magni
1893 2721 2050 2794 compo·

257 2821 315 2896 siti
341 2817 448 2912 (Tot.
461 2820 515 2894 II.
540 2821 627 2922 sig.
643 2823 784 2919 X.O.),
816 2826 881 2923 qtti
914 2821 1037 2899 medis
1069 2827 1108 2898 in
1142 2841 1245 2923 parte
1279 2825 1461 2900 anteriore
1494 2823 1704 2896 semilunari
1735 2822 2051 2919 cephalotboracis

257 2945 316 3018 siti
343 2959 445 3042 sunt3
471 2959 509 3018 et
532 2946 574 3022 in
598 2945 907 3022 iisdescribeudis
927 2949 1029 3022 nervi
1053 2949 1179 3046 optici,
1201 2949 1287 3022 c'oni
1300 2948 1418 3040 vitrei,
1441 2946 1669 3043 pigmentum
1692 2957 1728 3017 et
1751 2969 1886 3018 cornea
1911 2942 2049 3017 discer-

258 3066 381 3142 nenda
406 3083 502 3144 suot
552 3069 657 3146 Nervi
683 3071 797 3167 optici
833 3072 928 3172 (rig.
948 3073 1208 3146 XIX-XXI.
1219 3071 1268 3160 a.)
1302 3095 1357 3142 exv
1370 3068 1507 3166 angulis
1531 3068 1782 3164 superioribus
1806 3069 1947 3140 cerebri
1973 3067 2049 3140 oriss·

257 3205 369 3266 untur
397 3207 434 3265 et
458 3193 564 3266 inter'
579 3218 709 3268 omues
743 3203 874 3268 nervos
906 3198 1108 3270 cerebrales
1138 3195 1324 3268 lortissimi
1358 3205 1454 3268 sont.
1514 3190 1674 3286 Oblique
1713 3191 1750 3262 in
1785 3191 1988 3286 posteriora
2015 3203 2052 3261 et

257 3315 457 3412 strperiora,
481 3316 668 3412 paululum
695 3316 743 3388 sd
763 3317 883 3388 latere
899 3318 1111 3392 recedentes
1135 3317 1336 3390 ascendunt
1350 3331 1397 3408 et,
1421 3339 1540 3411 prope
1564 3313 1612 3385 ab
1638 3312 1778 3408 origine
1802 3313 2050 3394 intumescen-

257 3436 309 3508 tia
335 3432 495 3534 quadam
520 3457 632 3532 parra
655 3436 881 3532 composita,
913 3439 1033 3510 stetim
1059 3437 1212 3513 bulbum
1245 3437 1340 3508 oculi
1366 3437 1555 3531 utriusqus
1590 3431 1692 3518 (ibici.
1718 3431 1767 3520 b.)
1808 3445 2050 3528 componunt,
2142 3525 2151 3542 .

258 3559 323 3654 qui
349 3557 590 3634 cmoritudine
621 3581 773 3630 nervum
800 3557 1016 3660 plusquam
1052 3557 1166 3654 duplo
1193 3573 1349 3656 superat.
1399 3537 1458 3630 ¹lin
1492 3583 1536 3630 eo
1571 3557 1851 3630 innumerabilia
1883 3556 2050 3628 oriuntur

256 3677 442 3754 blamefsts
467 3703 623 3774 nerrea,
648 3705 743 3778 quae
767 3679 817 3752 ad
842 3683 998 3788 singulas
1025 3684 1121 3766 oculi
1144 3697 1266 3780 partes
1291 3683 1497 3780 pertinent,
1532 3694 1568 3752 et
1592 3694 1744 3776 propter
1770 3681 1960 3758 oculorum
1988 3701 2050 3750 ce-

258 3803 433 3900 rebrique
454 3805 565 3880 suum
592 3806 806 3901 obliquum,
835 3805 937 3878 cuius
964 3805 1035 3878 iam
1063 3808 1290 3880 mentionem
1316 3806 1467 3878 lecimus
1491 3804 1553 3892 (cl.⁴
1575 3805 1659 3902 Fig.
1676 3803 1794 3886 XIX.)
1822 3801 2047 3900 longitudine

258 3926 308 3998 ita
332 3927 428 3998 inter
448 3950 488 3998 se
513 3926 740 4025 discrepant,
777 3939 818 3998 ut
843 3929 1064 4022 posteriores
1094 3926 1176 4025 plns
1211 3951 1321 4024 quam
1350 3926 1463 4022 duplo
1489 3925 1732 4000 anterioribus
1757 3925 1828 4004 sint
1854 3923 2046 4018 longiores.

255 4044 432 4120 Videntur
454 4071 606 4145 quoque
632 4049 823 4120 interiores
848 4048 1095 4124 exterioribus·
1111 4051 1298 4124 tenuiores
1320 4074 1362 4122 ac
1385 4050 1593 4146 graciliores
1610 4073 1698 4122 esse.
1714 4089 1751 4106 -
1773 4047 1913 4144 Cuique
1934 4071 2047 4120 nsrro

255 4169 456 4268 respondet
480 4195 574 4243 uorsa
599 4195 714 4243 conus
738 4171 883 4244 vitreus·
934 4172 1030 4244 Haec
1055 4197 1210 4270 corpora
1237 4173 1334 4274 (Fig.
1350 4172 1503 4246 XXIV.
1517 4177 1565 4256 3.)
1602 4173 1732 4246 conica
1757 4185 1818 4244 cut
1841 4169 2046 4266 pirilormia

255 4306 352 4387 mut,
378 4294 603 4366 extremitate
627 4293 739 4366 altera
763 4294 803 4366 in
825 4287 972 4394 apicem
994 4298 1164 4370 obtusum
1193 4307 1366 4396 exeunte,
1400 4295 1510 4366 altera
1545 4294 1737 4370 incrassata
1770 4317 1812 4366 ac
1838 4289 2044 4364 rotundata-

255 4417 310 4488 io
331 4403 523 4515 longitudo
553 4436 683 4490 eorum
709 4435 801 4506 ,oum
833 4417 1024 4514 latiurdins
1051 4429 1285 4514 comparata,
1318 4420 1347 4491 si
1380 4415 1520 4490 eadem.
1535 4440 1694 4514 corpora
1717 4415 1873 4486 aliorum
1890 4412 2045 4486 -Crusta-

255 4563 405 4614 coorum
431 4555 468 4614 et
491 4542 716 4632 insectorum
741 4543 968 4638 respicimus,
989 4541 1094 4616 valde
1120 4565 1229 4638 porra
1255 4564 1333 4614 esse
1355 4537 1511 4631 ridetur,
1536 4535 1726 4634 longitudo
1753 4537 1850 4609 euim
1878 4537 1951 4608 lere
1976 4537 2045 4609 tri-

253 4664 318 4760 plo
343 4677 484 4738 tantum
510 4665 706 4738 maximnm
732 4664 962 4738 latitudinem
988 4678 1144 4762 superat.
1184 4665 1227 4736 ut
1250 4687 1334 4761 pars
1359 4663 1493 4734 borum
1517 4643 1712 4756 corporum
1741 4658 1892 4730 inferior
1909 4673 1945 4728 et
1960 4684 2044 4730 ner-

255 4807 383 4856 vorum
407 4787 650 4860 extremitates
673 4788 862 4884 pigmento
889 4790 1055 4860 caeruleo
1082 4783 1327 4858 circumdatae
1350 4797 1453 4878 sunt,
1482 4807 1557 4854 non
1583 4793 1704 4852 autem
1732 4783 1904 4882 amplius,
1932 4805 2042 4877 quam

254 4903 303 4977 ad
329 4930 412 4978 eum
438 4931 556 5006 usque
580 4909 703 4982 locum
731 4933 909 4982 sonorum
941 4911 1141 4983 vitreorum
1175 4908 1250 4980 boc
1281 4907 1461 5004 pertinet,
1493 4927 1572 4999 que
1593 4903 1643 4976 bi·
1658 4915 1744 4976 sunt
1777 4903 1958 4994 latissimi,
1994 4903 2043 4974 ita

253 5041 296 5100 ut
322 5032 606 5106 extremitatibus
629 5030 834 5106 rotundatis
864 5057 885 5104 e
909 5033 1098 5130 pigmento
1129 5032 1313 5102 emineant
1344 5030 1439 5128 (Fig.
1456 5025 1609 5098 XXIV.
1630 5035 1661 5097 t.
1691 5027 1756 5110 b.)‹
1803 5024 1956 5114 'Tamen
1974 5025 2044 5098 bae

255 5174 407 5250 quoque
433 5175 571 5228 eorum
588 5154 831 5228 extremitates
856 5155 902 5228 ab
929 5154 1100 5228 omnibus
1124 5155 1287 5252 partibus
1319 5173 1434 5225 massa
1466 5148 1625 5246 quadam
1659 5149 1809 5245 propria
1838 5146 2043 5220 circumda-
