4786 6002
322 885 380 944 tae
407 895 484 942 esse
509 869 678 944 ridentur
701 867 800 953 (ibid.
829 863 896 960 0.),
919 891 1015 964 quae
1038 889 1157 963 paene
1177 863 1360 961 pellucida
1386 877 1460 956 eet,
1486 877 1523 934 et
1549 865 1776 961 pigmentum
1802 864 1991 962 quoddam
2018 865 2110 940 luei-

323 991 405 1067 diue
431 1017 507 1064 esse
532 991 685 1064 ridetur.
714 1027 759 1044 -
790 992 1016 1088 Corporibus
1041 991 1163 1061 vitreis
1182 989 1289 1059 insita
1315 1001 1368 1058 est
1391 988 1516 1058 tunica
1541 1013 1803 1085 eorumquae,
1828 990 1962 1061 utiam
1986 991 2115 1062 obser-

322 1113 623 1188 vavitSohaels
627 1138 695 1206 er,
727 1113 816 1184 nihil
853 1111 925 1183 nisi
951 1103 1063 1208 ipsius
1097 1121 1210 1181 testae
1234 1101 1703 1206 eorporis'externiepare
1725 1109 1905 1206 quaedam
1931 1109 2113 1206 pellucida

323 1251 388 1332 est,
414 1261 528 1334 quare
553 1236 614 1330 srt,
639 1249 680 1308 ut
704 1261 777 1308 una
803 1259 886 1308 cum
914 1235 973 1306 itta
999 1233 1093 1306 haee
1116 1257 1269 1330 quoque
1294 1231 1522 1327 deponatur,
1550 1247 1587 1304 et
1610 1233 1678 1306 sub
1703 1232 1832 1306 eadem
1853 1257 1963 1330 saepe
1986 1259 2113 1308 reeens

320 1360 534 1432 membrana
559 1357 771 1428 tenuissima
797 1357 1009 1452 reperiatur.
1069 1356 1113 1428 Et
1137 1353 1176 1426 id
1200 1368 1405 1426 memoratu
1431 1354 1582 1452 dignum
1608 1355 1771 1450 ridetur,
1807 1359 1912 1455 quod
1936 1361 2027 1432 haee
2053 1385 2114 1432 re-

320 1497 405 1554 eens
430 1481 646 1552 membrana
672 1480 835 1577 margine
860 1479 977 1550 soluta
1003 1489 1066 1550 est
1090 1491 1128 1550 et
1151 1501 1172 1549 a
1199 1491 1301 1574 parte
1332 1490 1448 1548 testae
1478 1481 1637 1550 recentis
1667 1479 1874 1552 eirermsita
1907 1483 2012 1554 laeile
2037 1482 2113 1555 dis-

191 1661 193 1670 .
319 1603 417 1700 iungi
443 1616 589 1700 potest,
622 1602 671 1674 ita
695 1613 737 1673 ut
761 1601 854 1674 haee
877 1615 990 1672 testae
1021 1623 1103 1696 pars
1131 1601 1284 1698 proprio
1318 1599 1435 1672 modo
1466 1603 1620 1674 existere
1651 1617 1689 1674 et
1712 1605 1830 1674 serius
1853 1603 2003 1677 demum
2027 1629 2111 1678 cum

318 1739 438 1800 cetera
463 1739 567 1822 parte
591 1725 793 1798 coalescere
815 1725 991 1804 rideatur.
1010 1757 1057 1776 -·
1082 1723 1159 1796 Sed
1181 1745 1226 1796 eo
1256 1747 1411 1820 quoque
1435 1723 1574 1820 Apodis
1597 1727 1721 1796 tunica
1746 1749 1881 1796 cornea
1909 1723 1959 1797 ab
1982 1725 2125 1798 eadem·

319 1861 424 1946 parte
448 1849 604 1920 aliorum
619 1844 895 1917 Crustaoeorum
922 1845 1382 1943 lnseotorumqnedillert,
1406 1845 1509 1944 quod
1534 1873 1612 1920 non
1638 1850 1846 1944 cruentae,
1871 1848 1937 1920 sed
1956 1851 2112 1921 omnino

319 1971 429 2044 leeris
457 1983 520 2042 est.
574 1967 742 2042 Ceterum
771 1970 848 2066 ipsa
883 1969 1023 2066 ubique
1053 1968 1181 2042 eadem
1217 1984 1272 2041 est
1302 1967 1565 2064 crassitudine,
1592 1969 1658 2042 sed
1690 1971 1839 2042 tenuior
1863 1986 2115 2068 quamtestae

246 2115 250 2124 ·
318 2115 402 2190 pers
428 2093 646 2166 circumsita.

418 2217 523 2289 Oculi
548 2229 634 2289 sunt
657 2215 873 2288 renilormes
898 2227 936 2286 et
958 2237 1088 2287 eorum
1113 2215 1202 2288 situs
1225 2213 1406 2287 eiusmodi
1433 2228 1500 2307 est,
1523 2229 1566 2287 ut
1587 2218 1767 2314 margines
1787 2219 2008 2317 posteriores
2028 2219 2113 2290 lon·

316 2343 396 2440 gius
420 2343 517 2412 inter
544 2363 584 2412 se
606 2337 766 2432 distent,
802 2357 913 2434 quarn
941 2341 1147 2410 anteriores
1181 2353 1218 2410 et
1243 2359 1325 2410 axes
1350 2337 1632 2435 longitndinales
1655 2341 1930 2438 superficierum
1957 2327 2111 2414 renitor*-

310 2468 433 2536 'mium
461 2465 633 2562 angulum
659 2462 733 2534 lere
758 2462 941 2558 sexaginta
965 2461 1143 2559 graduum
1167 2476 1405 2558 oomponant.
1443 2463 1562 2534 loeus
1585 2486 1713 2534 eorum
1730 2487 1895 2534 summos
1919 2487 1994 2534 eon
2022 2485 2112 2560 pro-

319 2589 375 2660 cul
403 2589 448 2658 ab
475 2584 761 2684 emarginatione
786 2583 975 2655 renilormi
999 2585 1171 2681 marginis
1196 2586 1329 2656 interni
1353 2580 1569 2682 positus'est
1590 2599 1628 2656 et
1647 2587 1799 2682 angariare
1821 2583 2025 2683 superficiei
2045 2611 2112 2658 an-

318 2711 432 2780 terior
457 2709 659 2805 posteriore
686 2707 871 2802 simulque
896 2729 1020 2803 margo
1046 2707 1201 2780 interior
1225 2709 1405 2780 exteriore
1431 2708 1582 2780 inferius
1602 2710 1692 2782 situs
1716 2723 1781 2780 est.
1820 2705 1964 2799 Qua-re
1991 2709 2110 2804 primo

319 2833 452 2906 intuitu
478 2833 611 2928 aliquis
635 2843 758 2928 putet,
777 2829 886 2900 laeile
913 2829 992 2900 lieri
1017 2853 1147 2926 posse,
1180 2845 1223 2901 ut
1250 2828 1379 2902 eadem
1405 2853 1466 2902 res
1488 2831 1596 2902 simul
1622 2832 1660 2902 ie
1684 2833 1875 2928 utrimque
1900 2829 1995 2902 oculi
2021 2855 2112 2902 con-

319 2967 484 3052 spectum
508 2955 642 3047 veniat,
668 2975 746 3049 quo
771 2950 956 3047 duplicem
983 2953 1035 3024 rei
1062 2952 1259 3051 imaginem
1286 2955 1436 3026 animali
1458 2951 1616 3050 produci
1639 2977 1787 3025 neeesse
1811 2955 1869 3047 sit,
1894 2966 1936 3024 ut
1956 2951 2114 3026 demon-

317 3079 442 3150 stravit
467 3077 516 3147 lll.
539 3075 802 3162 Mueller*).
837 3074 975 3146 Tamen
1002 3077 1094 3148 haee
1118 3073 1324 3172 difficultas,
1350 3077 1564 3175 praesertim
1590 3078 1621 3148 si
1646 3101 1704 3148 ree
1729 3078 1900 3148 obieetae
1923 3101 2000 3149 non
2025 3100 2113 3173 pro-

320 3201 378 3272 cul
404 3201 452 3272 ab
477 3200 592 3272 oeulis
614 3212 778 3272 remotae
803 3210 909 3290 sunt,
933 3211 971 3269 et
996 3223 1192 3272 nervorum
1217 3203 1428 3298 optinorum
1454 3197 1658 3272 directione
1682 3213 1723 3271 et
1745 3200 1935 3272 oculorum
1957 3199 2032 3270 ritu
2056 3217 2115 3270 re·

319 3324 470 3418 arpino,
501 3347 575 3420 qna
600 3347 641 3395 re
666 3333 824 3419 eprpo'ra
858 3321 1034 3394 vitrearet
1064 3323 1103 3394 in
1134 3324 1319 3394 anteriore
1352 3337 1390 3394 et
1423 3324 1463 3394 in
1497 3322 1673 3394 interiore
1702 3323 1896 3394 nortorum
1931 3335 2034 3418 parte
2069 3317 2117 3394 ad

318 3431 625 3539 perpendiculum
650 3445 955 3539 imponuntur,
980 3441 1069 3516 ¹tolli
1094 3447 1249 3522 ridetur.
1310 3445 1502 3518 Praeterea
1526 3446 1645 3538 oculi,
1680 3446 1816 3541 quibus
1852 3443 1984 3516 animal
2008 3444 2116 3540 longe

321 3564 456 3658 rideat,
480 3566 555 3662 apti
579 3587 656 3637 esse
683 3587 760 3638 non
783 3564 967 3658 ridentur,
994 3566 1097 3663 quod
1123 3591 1144 3640 e
1169 3567 1274 3640 eonis
1297 3568 1421 3638 vitreis
1445 3567 1618 3638 brevibus
1634 3568 1788 3663 latisque
1811 3579 1910 3637 etex
1925 3567 2110 3662 pigmento

324 3689 471 3760 illorum
497 3688 708 3760 inferiorem
732 3700 874 3759 tantum
901 3701 1043 3784 partem
1076 3690 1329 3764 cironndante
1348 3664 1508 3786 'intelligi
1542 3703 1676 3787 potest
1735 3688 1904 3762 Ceterum
1926 3689 2115 3760 onom

326 3825 362 3884 et
387 3811 480 3883 haee
503 3809 707 3907 proprietas
733 3823 770 3880 et
793 3811 882 3881 situs
907 3833 990 3882 eum
1017 3811 1090 3883 rita
1115 3827 1153 3884 et
1178 3827 1282 3886 motu
1302 3815 1352 3898 **)
1386 3814 1596 3884 animalium
1628 3815 1786 3884 omnino
1816 3811 2006 3904 marcuit,
2037 3811 2114 3908 ple-

326 3959 484 4032 rumque
519 3934 617 4004 enim
647 3935 767 4030 capite
798 3933 958 4006 demisso
984 3947 1020 4007 et
1050 3936 1251 4008 abdomine
1282 3938 1392 4034 paulo
1426 3937 1543 4008 levato
1579 3948 1722 4033 praeter
1755 3937 1955 4034 narginem
1987 3932 2044 4004 rel
2075 3933 2113 4004 iu

326 4057 440 4128 londo
467 4057 641 4127 fossarum
671 4068 815 4148 natant,
849 4069 885 4126 et
911 4057 981 4130 lata
1007 4059 1325 4153 cephalothoraeis
1348 4073 1439 4131 testa
1466 4060 1594 4131 limum
1619 4057 1832 4129 mllodiurrt.
1881 4055 2115 4130 Memorabile

328 4192 447 4252 autem
475 4179 549 4250 hoc
573 4201 652 4248 esse
675 4175 829 4249 ridetur.
896 4179 1165 4254 Demonstravit
1189 4183 1341 4278 quidem
1377 4185 1427 4254 ΙΙΙ.
1453 4181 1749 4273 ΜυοὶΙοτ“*),
1776 4179 1958 4278 quodque
1983 4177 2118 4266 animal

326 4315 466 4400 partem
493 4301 654 4398 aliquam
677 4301 842 4396 eorporis
862 4305 918 4374 sui
953 4303 1067 4398 ipsius
1096 4325 1241 4402 semper
1266 4320 1350 4378 ante
1376 4306 1503 4377 oeulos
1526 4303 1663 4376 lrabeat
1687 4320 1834 4374 neeesse
1858 4325 1958 4395 erse,
1994 4301 2116 4372 utiu-

328 4435 386 4495 ter
408 4422 667 4496 diversissimas
692 4422 867 4519 imagines
888 4425 1002 4496 oeulis
1024 4425 1221 4522 productas
1254 4428 1399 4524 ipsese
1431 4439 1649 4524 eognoscat,
1681 4422 1917 4521 ostenditque
1948 4423 2034 4498 huie
2063 4419 2116 4496 rel

329 4545 496 4641 plurimis
527 4548 564 4620 in
590 4547 738 4620 lneeetis
762 4546 936 4645 prodesse
968 4563 1167 4647 antennam
1197 4565 1323 4624 tamen
1350 4565 1488 4626 nostro.
1510 4551 1550 4624 irr
1581 4550 1729 4624 animali
1761 4563 1797 4622 et
1831 4548 2020 4622 oculorum
2045 4547 2114 4618 s'rtu

331 4775 623 4800 ....--—-u—-

389 4929 427 5005 θ)
447 4925 507 4990 zor
526 4925 781 5008 rergtetetrenrlen
801 4928 995 5016 Ptryn'otogie
1018 4932 1074 4998 ἀοι
1096 4929 1350 4999 (tenrltsrlrrrer.
1372 4947 1401 5016 p.
1420 4931 1515 4996 875.Ι
1594 4970 1599 4982 ·

370 5041 429 5118 er)
451 5043 496 5104 ct.
516 5034 588 5104 ttrld.
610 5059 640 5124 p.
661 5042 734 5107 369.
896 5050 902 5075 ··

347 5155 427 5234 m)
448 5155 492 5218 ct.
515 5157 587 5222 tritt
608 5175 638 5240 p.
662 5157 736 5224 389.
