4786 6002
279 833 449 910 animalia
474 835 572 908 enim
598 833 672 906 hoc
697 846 864 929 tempore
891 856 1008 932 paene
1034 831 1218 930 pellucida
1243 847 1327 906 sunt
1351 845 1388 906 ot
1412 829 1605 931 quomodo
1632 832 1728 906 oculi
1754 832 1868 932 magis
1885 831 2072 932 magisque

278 971 454 1062 pressam,
477 957 655 1056 gradatim
682 958 852 1054 persequi
875 957 971 1029 lieet.
996 997 1041 1008 -
1066 953 1216 1034 &utum
1244 955 1350 1047 (ibid.
1365 956 1439 1046 G.)
1462 958 1594 1052 etiam,
1627 957 1732 1054 quod
1756 956 1804 1032 ad
1829 957 1903 1032 hoc
1926 971 2073 1056 tempus

278 1106 431 1182 parrum
459 1097 495 1155 et
526 1082 881 1180 suhemarginatum,
912 1093 951 1152 et
977 1081 1150 1162 omnibus
1180 1083 1346 1178 partibus
1376 1105 1493 1178 aeque
1526 1082 1747 1160 maculatum
1779 1095 2071 1180 punctatumque

278 1221 369 1301 erat,
394 1209 467 1282 iam
493 1205 747 1304 perieelinrem
773 1204 929 1280 formam
951 1205 1106 1301 aceepit,
1132 1217 1169 1278 et
1194 1207 1338 1301 punctis
1364 1207 1591 1302 maculisque
1616 1206 1824 1303 complures
1844 1206 1955 1280 series
1980 1231 2074 1284 cott-

274 1331 512 1414 stitueotibus
541 1329 727 1404 metalium
755 1327 1026 1406 tmnettatiuu
1047 1332 1238 1428 principio
1268 1343 1545 1426 componuntur
1576 1329 1678 1416 libid.
1709 1336 1769 1426 gl.
1836 1329 1878 1402 lu
1909 1345 2073 1405 extremo

155 1473 164 1476 ·
277 1454 445 1551 eorporis
471 1455 607 1528 annulo
633 1453 707 1524 iarn
733 1466 879 1550 praeter
904 1465 996 1528 setes
1015 1451 1203 1547 candales,
1224 1455 1430 1550 complures
1455 1455 1628 1549 spinulae
1646 1467 1834 1552 apparent.

377 1582 409 1660 ς.
434 1571 496 1649 47.
550 1576 635 1668 Quo
665 1575 770 1672 plina
794 1575 932 1672 pedum
957 1573 1247 1651 abdomiualium
1271 1576 1372 1672 paria
1396 1578 1623 1672 evolvuntur,
1642 1599 1687 1652 eo
1714 1578 1859 1676 longior
1883 1575 1977 1652 losse
2002 1577 2070 1652 aa·

279 1702 477 1795 menteria,
502 1701 602 1774 coxis
628 1725 756 1774 eorum
785 1701 823 1772 io
849 1713 952 1796 parte
973 1698 1123 1772 ventrali
1149 1700 1379 1796 composita,
1405 1714 1442 1774 et
1463 1701 1584 1797 aptior
1606 1701 1669 1796 fit,
1703 1725 1770 1798 per
1796 1726 1908 1798 quam
1933 1700 2072 1797 pedum

277 1826 446 1898 motione
472 1823 528 1898 ori
554 1813 1023 1898 alimentaadmoreanurr·
1074 1822 1201 1918 ltaque
1226 1823 1308 1896 illae
1332 1836 1473 1919 partes,
1495 1847 1595 1921 ‘quae
1620 1821 1742 1898 adhuc
1767 1823 1854 1896 huic
1881 1826 1932 1898 rei
1955 1825 2072 1902 iruer-

278 1948 439 2037 riebant,
460 1949 536 2022 iam
560 1949 697 2020 sensim
725 1945 950 2022 decrescunt.
1012 1947 1123 2020 Primi
1147 1972 1345 2046 processus
1369 1951 1513 2023 homati
1529 1949 1666 2049 pedum
1693 1951 1969 2026 tlmrocicorum
1992 1975 2073 2025 ma-

278 2071 470 2170 gnitudine
497 2073 782 2164 imminuuntur,
811 2084 889 2144 tum
922 2067 1220 2146 mandibularum
1254 2073 1679 2172 appendices'lacinias,
1711 2075 1844 2172 quibus
1877 2074 2072 2148 instructae

278 2209 393 2290 erant,
410 2197 600 2270 amittunt.
633 2194 1017 2268 Redimenutantum
1044 2195 1174 2268 harum
1197 2197 1354 2292 partium
1383 2211 1517 2268 restant
1533 2199 1628 2300 (Fig.
1641 2200 1748 2272 XIV
1747 2251 1753 2263 .
1767 2227 1802 2272 α.
1819 2201 1883 2292 dl,
1908 2197 2071 2294 denique
2182 2215 2191 2232 ⁸
2261 2283 2269 2304 ι

278 2319 371 2392 haec
396 2325 548 2417 quoque
573 2332 803 2393 evanescunt.
855 2318 893 2390 ln
921 2317 1052 2390 adultis
1077 2316 1295 2388 animalibus
1320 2317 1613 2392 mandibularum
1641 2345 1737 2418 pars,
1761 2323 1799 2394 in
1825 2348 1899 2421 qua
1920 2323 1959 2395 hi
1980 2349 2072 2421 pro·

278 2443 533 2540 cessuspositi
560 2454 682 2534 erant,
707 2441 823 2514 nihilo
850 2466 871 2514 a
898 2446 1028 2516 ceteris
1050 2439 1216 2538 partibus
1242 2440 1374 2516 differt.

377 2568 452 2638 Una
479 2591 562 2638 cum
588 2563 746 2660 pedibus
771 2565 873 2638 oculi
896 2567 1093 2662 compositi
1114 2565 1227 2661 magis
1253 2567 1441 2664 magisque
1467 2581 1645 2662 crescunt,
1670 2569 1764 2642 ethi
1788 2567 1939 2667 quidem
1966 2569 2072 2642 eitius

279 2715 394 2789 quum
418 2703 558 2762 ceterae
583 2701 715 2786 partes.
769 2689 842 2760 lam
868 2713 993 2786 margo
1021 2687 1319 2760 membranaceus
1345 2704 1495 2785 apparet
1523 2691 1736 2791 (1253.)th
1753 2691 1827 2784 Pl,
1855 2693 2072 2790 quioculos

280 2813 319 2884 iu
335 2811 654 2884 'saeculi-modum
682 2810 934 2883 circumcludit
961 2825 997 2881 et
1022 2821 1152 2908 quater
1176 2809 1232 2880 vel
1259 2810 1456 2906 quinquies
1481 2824 1571 2883 testa
1594 2813 1775 2908 detracta,
1802 2817 1896 2887 oculi
1924 2841 2072 2913 prorsus

279 2949 364 3008 sunt
387 2935 538 3033 perlecti
562 2933 660 3036 (Fig.
672 2935 766 3009 XV.
784 2935 851 3019 Pl.
916 2935 1104 3030 Purpureo
1132 2955 1152 3002 e
1176 2932 1364 3028 pigmento
1395 2935 1535 3031 ubique
1571 2961 1727 3034 corpora
1762 2939 1874 3011 vitrea
1908 2943 2073 3013 eminent

280 3073 317 3131 et
343 3060 446 3157 quasi
469 3060 671 3157 marginem
692 3057 886 3131 'dentatum
915 3067 1159 3152 componunt,
1183 3053 1271 3126 dum
1297 3079 1372 3149 ras,
1395 3056 1499 3152 quod
1526 3059 1670 3130 oculum
1690 3073 1887 3158 utrumque
1913 3064 2071 3136 circum·

263 3183 353 3280 dat,
380 3184 507 3280 aequis
545 3182 739 3254 intervallis
774 3182 811 3252 iu
843 3157 1058 3282 pulsationis
1090 3177 1244 3251 modum
1276 3193 1454 3254 movetur.
1522 3179 1606 3270 Quo
1638 3183 1750 3280 magis
1784 3209 1870 3256 vero
1905 3186 1944 3257 hi
1974 3188 2071 3258 oculi

277 3321 456 3400 crescunt,
482 3331 526 3378 eo
553 3305 666 3402 magis
691 3303 868 3377 decrescit
892 3303 1022 3380 oculus
1049 3306 1187 3400 impar,
1221 3315 1256 3373 ct
1281 3303 1442 3376 colorem
1470 3306 1612 3403 nigrum
1640 3319 1677 3377 et
1701 3306 1936 3403 splendorem
1962 3312 2071 3382 amit·

276 3431 334 3526 tit,
358 3445 397 3504 et
417 3453 503 3503 mox
524 3431 606 3520 ,eius
632 3430 714 3500 loco
740 3429 881 3500 macula
905 3440 1047 3500 tantam
1077 3428 1353 3524 obscura-(Fig.
1368 3425 1462 3500 XV.
1476 3428 1531 3514 Ο.)
1558 3429 1794 3524 conspicitur.
1887 3455 1888 3460 ¹
1945 3425 1951 3436 '

380 3553 625 3630 Ventriculus
645 3554 755 3624 etiam
784 3551 896 3646 magis
921 3551 1108 3648 magisque
1134 3549 1332 3642 evolvitur,
1364 3550 1559 3647 pluresque
1588 3550 1734 3622 lacinias
1759 3577 2023 3653 processusque
2050 3584 2069 3630 e

277 3677 441 3774 margins
466 3673 615 3774 profert.
667 3651 909 3773 tempatis.
937 3676 1116 3770 quinqua,
1142 3674 1179 3744 in
1206 3671 1414 3773 th.X1X.
1442 3674 1513 3744 iam
1540 3688 1678 3769 septem
1705 3699 1832 3748 eorum
1860 3695 2070 3773 cernuntur,

276 3800 459 3896 simulque
484 3799 604 3893 sintne,
634 3799 732 3870 binis
758 3795 898 3870 laciniis
924 3797 1129 3889 interiecti,
1163 3798 1421 3893 profundiores
1444 3799 1547 3872 fiunt.
1611 3801 1816 3874 pellucidae
1843 3803 1995 3899 quidem
2022 3805 2071 3878 ab

276 3925 382 3999 lanitio
409 3925 563 4020 laciniae
587 3938 683 4018 stant,
710 3949 793 3995 mox
821 3938 941 3995 autem
971 3948 1053 4019 pars
1076 3945 1199 3992 aarum
1226 3921 1379 3992 interior
1404 3935 1441 3992 et
1466 3920 1586 3994 media
1610 3923 1773 3995 colorem
1800 3925 2069 4004 ssavo-viridem

277 4047 457 4144 eundem,
492 4051 557 4147 qui
583 4049 621 4124 iu
645 4049 846 4120 ventriurlo
870 4049 1098 4138 observatur,
1130 4045 1274 4141 accipit.
1335 4041 1440 4136 Quae
1465 4035 1522 4116 res
1546 4047 1879 4146 Schaeil'erum,
1912 4053 1976 4147 qui
2003 4053 2070 4129 has

271 4187 397 4272 partes
420 4174 613 4271 descripsit
639 4173 678 4245 ei
700 4171 865 4269 depinxit
886 4173 921 4256 ll.
944 4196 975 4243 c.
1000 4171 1088 4242 Tab.
1103 4170 1142 4240 V.
1170 4168 1242 4266 Fig.
1251 4167 1321 4239 XV.
1335 4175 1392 4264 a),
1419 4169 1601 4242 induxisse
1627 4165 1782 4276 videtur,
1806 4185 1846 4242 ut
1865 4157 1928 4244 'ras
1944 4175 2069 4272 quod-

276 4295 361 4371 dam
383 4299 454 4376 tias
472 4312 597 4396 partes
621 4295 848 4370 circumdare
872 4309 1029 4392 putaret
1068 4293 1241 4368 lnleriore
1266 4313 1418 4390 quoque
1442 4294 1480 4364 in
1508 4307 1610 4390 parte
1632 4295 1823 4367 xventriculi
1850 4297 1953 4370 multi
1979 4322 2069 4394 pro-

276 4431 396 4494 cessus
422 4423 584 4494 minores
609 4421 695 4519 (Εἰς
718 4419 830 4492 XIV.
860 4419 946 4490 XX.
961 4425 1023 4512 a),
1059 4418 1096 4488 in
1123 4416 1258 4486 racemi
1285 4414 1437 4487 modum
1465 4418 1680 4514 compositi,
1716 4409 1964 4516 inveniuntur,
1991 4426 2069 4521 pri-

276 4545 420 4620 mordia
444 4569 572 4616 eorum
601 4545 794 4636 canalium,
819 4545 944 4640 quiin
972 4542 1143 4614 inferiore
1168 4551 1270 4637 porte
1296 4539 1485 4612 ventriculi
1511 4539 1630 4610 sitiet
1655 4541 1783 4612 ceteris
1807 4542 1994 4617 breviores
2014 4547 2068 4617 la·-

275 4665 571 4762 tiooesqueaunt.
604 4665 681 4738 lice
707 4642 819 4736 modo
846 4664 982 4734 sensim
1007 4663 1102 4736 oculi
1128 4687 1150 4734 a
1173 4664 1365 4736 ventriculi
1389 4664 1620 4760 processibus
1643 4663 1810 4763 undique
1836 4667 2069 4742 circumdan-

276 4802 345 4860 tur.
364 4831 412 4848 -
429 4789 469 4860 ln
497 4789 669 4859 intestino
698 4801 734 4857 et
759 4787 876 4856 maior
902 4785 1101 4857 crassitudo
1127 4787 1309 4882 parietum
1335 4785 1498 4856 intestini
1524 4785 1611 4857 recti
1638 4799 1674 4858 et
1700 4789 1850 4860 musculi
1875 4790 2069 4890 uansvmi

276 4911 314 4984 in
341 4926 504 4987 extremo
530 4912 697 5010 corporis
723 4913 858 4983 annulo
886 4913 980 4982 bene
1002 4911 1289 5006 conspiciuntur.
1323 4909 1438 4982 Simul
1455 4923 1575 4982 atatem
1604 4913 1677 4982 hoc
1702 4913 1784 4982 loco
1803 4927 2069 5008 praetercom·
2200 4909 2204 4916 ’

273 5037 398 5133 plures
423 5037 566 5132 spinas,
598 5037 637 5109 in
670 5049 773 5133 parte
799 5033 932 5105 dorsali
967 5033 1060 5104 duae
1094 5033 1250 5128 papillae
1276 5031 1372 5132 lFig.
1390 5031 1503 5103 XIV.
1522 5028 1576 5118 Z)
1601 5057 1754 5130 parvae,
1790 5037 1915 5108 colore
1941 5039 2067 5130 rubro,

276 5159 391 5255 spinis
417 5159 599 5246 nonnullis
625 5155 890 5253 cirmrmdatae‚
912 5151 1128 5255 primordio
1144 5159 1314 5251 ponium,
1340 5156 1506 5228 existunt.
1613 5191 1616 5196 ·
