4786 6002
973 673 1290 784 b-sr-

268 870 540 944 thoraciedrum
566 863 775 940 rudimento
794 881 838 937 ‘se
863 863 1025 962 confert,
1062 889 1157 963 quae
1192 868 1298 965 rttlgo
1333 882 1513 942 antennae
1539 870 1787 946 nominantur.
1836 871 1904 946 llio
1926 897 2057 948 nervus
2161 923 2165 930 -

270 995 307 1067 in
328 992 515 1066 anteriora
546 987 772 1063 filamentum
807 1002 918 1060 tenue
951 991 1046 1088 (lug.
1067 989 1117 1065 V.
1136 988 1187 1084 α.)
1214 991 1380 1062 emittere
1415 991 1578 1086 ridetur,
1611 993 1715 1090 qnod
1734 995 1844 1068 inter
1866 1018 2058 1093 processus

268 1113 501 1213 glandulosos
524 1113 716 1186 ventriculi
743 1112 914 1187 decurrit.
938 1129 946 1142 ·
966 1111 1153 1186 Posterior
1177 1135 1308 1186 nervus
1335 1135 1408 1188 nun
1434 1116 1562 1211 proctd
1587 1117 1634 1187 ab
1661 1117 1744 1210 illo,
1769 1116 1817 1189 de
1842 1117 2056 1214 quomodo

269 1236 440 1331 diximus,
463 1248 564 1308 ortus
589 1236 686 1336 (rig.
697 1235 727 1309 Ι.
745 1235 789 1306 V
787 1241 848 1320 .·o.)
873 1231 1031 1308 eundem
1059 1235 1210 1332 quidem
1236 1261 1379 1316 cursum
1406 1239 1654 1336 persequitur,
1689 1255 1797 1336 saepe
1822 1253 1944 1312 autem
1970 1243 2057 1337 im,

269 1361 483 1456 priusquam
509 1357 686 1454 parietem
713 1358 954 1455 posteriorem
986 1359 1301 1455 cephalotboracis
1331 1361 1474 1457 attingit
1485 1385 1510 1452 ,···
1529 1361 1717 1434 evanescit.
1777 1362 1836 1432 Est
1869 1364 1967 1434 enim
1995 1365 2057 1436 bic

270 1503 402 1554 nervus
425 1479 675 1553 rudimentum
701 1483 796 1554 iliius
822 1481 936 1574 nervi,
963 1481 1027 1577 qui
1053 1481 1201 1554 iuvenili
1227 1483 1438 1555 inanimali
1465 1482 1512 1554 ad
1537 1483 1739 1556 secundum
1763 1483 1900 1582 pedum
1925 1485 2055 1556 thora-

237 1643 241 1650 ·
270 1606 433 1678 cicorum
459 1629 527 1702 par
550 1605 738 1701 pertinuit,
765 1617 801 1676 et
827 1605 870 1675 iis
896 1605 935 1675 in
957 1603 1187 1696 ani-tualibus,
1213 1604 1252 1674 in
1279 1604 1412 1698 quibua
1438 1603 1569 1676 horum
1595 1602 1732 1700 pedum
1765 1605 1972 1679 rudimenta
2000 1609 2058 1680 in-

271 1729 467 1802 veniuntur
492 1728 634 1812 [tab]
666 1727 749 1826 Fig.
767 1727 811 1800 V
810 1777 819 1798 .
831 1727 898 1822 lt),
922 1726 1086 1800 adhaec
1109 1749 1194 1797 eum
1220 1749 1260 1796 ee
1284 1725 1449 1797 conierre
1473 1725 1650 1798 videmus.

370 1851 589 1948 Priusquam
618 1851 716 1922 nervi
743 1851 875 1922 collare
901 1865 1167 1947 componentes
1191 1853 1259 1923 sub
1286 1850 1487 1922 mouentum
1520 1847 1813 1922 mandibularum
1839 1852 2058 1949 procedunt,
2088 1849 2094 1860 '

270 1991 374 2046 ramo
400 1987 603 2046 transverso
636 1973 780 2072 (FigJ.
811 1967 861 2046 V.
893 1971 937 2043 V
937 1973 1033 2060 LE.)
1059 1975 1155 2046 inter
1179 1999 1218 2046 se
1244 1973 1431 2046 coniuncti
1456 1987 1561 2066 sunt,
1596 1979 1705 2070 atque
1732 1975 1866 2080 eodem
1892 1977 1974 2048 loeo
2002 1977 2061 2048 in-

269 2094 513 2169 tumescentia
536 2095 716 2192 quoedam
741 2095 884 2192 ganglia
911 2095 1038 2166 similis
1059 2094 1166 2190 (ibid.
1192 2095 1253 2180 D.)
1278 2097 1316 2168 in
1342 2111 1501 2194 utroque
1527 2097 1719 2193 reperitur.
1762 2097 1865 2189 Quae
1891 2111 2060 2170 consuu-

272 2221 345 2292 etio
372 2221 526 2292 omnino
553 2219 680 2292 similis
705 2220 737 2291 ei
764 2232 838 2313 est,
865 2241 961 2315 quae
993 2220 1031 2290 in
1064 2243 1197 2317 genere
1222 2221 1350 2292 istaec
1384 2220 1581 2315 multisque
1606 2218 1864 2316 Decapodibus
1889 2220 2062 2292 observa-

270 2358 340 2415 tur.
392 2343 463 2416 lilis
485 2344 582 2414 enim
615 2331 830 2440 egangliis,
867 2365 961 2439 qaae
987 2343 1120 2414 reierre
1148 2344 1248 2414 nervi
1273 2342 1664 2439 reproductoriiparis
1688 2342 1912 2414 Insectorum
1940 2341 2059 2414 nodos

271 2465 536 2538 demonstravit
557 2467 607 2535 lll.
622 2464 848 2558 Brandt*),
869 2479 905 2535 et
930 2489 1026 2561 quae
1051 2465 1209 2564 ganglia
1232 2467 1468 2563 oesopbugea
1491 2468 1685 2563 tupoeiora
1707 2465 1781 2536 sire
1802 2469 1915 2566 paria
1938 2465 2070 2536 nomi-·

274 2588 351 2658 nari
377 2599 553 2683 possunt,
589 2587 627 2658 in
650 2587 779 2684 Apode
812 2587 921 2658 simili
940 2586 1061 2661 ,modo
1087 2599 1198 2684 atque
1231 2587 1268 2658 in
1296 2585 1553 2683 Decapodibus
1577 2589 1767 2685 proprium
1794 2601 1949 2684 systema
1975 2611 2062 2659 uer·
2131 2659 2138 2672 ,

145 2803 147 2806 ¹
271 2733 401 2784 rorum
428 2698 743 2808 oesophageorum
770 2711 897 2782 oritur.
935 2747 973 2760 -·
1012 2710 1133 2807 ipsunt
1160 2711 1258 2782 enim
1292 2723 1376 2782 ante
1413 2733 1553 2806 ramum
1578 2722 1842 2804 transversum,
1876 2707 2062 2807 quidum

273 2857 468 2931 nervorum
494 2848 643 2907 truncos
670 2834 872 2930 coniungit,
896 2859 939 2905 ex
962 2846 1123 2931 utroque
1146 2835 1288 2931 ganglio
1315 2855 1444 2906 nervus
1469 2831 1553 2906 satis
1567 2833 1812 2932 crassusiFig.
1826 2829 1855 2906 I.
1867 2832 1916 2906 V.
1929 2831 1973 2905 V
1971 2831 2059 2914 I-d.)

273 2953 395 3027 radice
418 2957 614 3029 incrassata
640 2955 772 3049 oritur,
807 2957 873 3052 qui
898 2955 936 3028 in
961 2958 1073 3028 ‘lutere
1101 2958 1300 3056 oesophagi
1334 2954 1382 3028 ad
1407 2955 1711 3053 perpendiculum
1745 2955 1892 3030 ferend
1915 2955 2058 3026 labrum

268 3099 396 3150 tersus
421 3077 621 3150 descendit.
646 3116 649 3124 .
673 3077 717 3150 lit
741 3079 901 3175 primum
929 3079 1090 3175 quidem·
1114 3103 1232 3176 prope
1267 3083 1312 3150 ab
1342 3079 1482 3174 origine
1512 3079 1646 3150 borum
1679 3103 1875 3151 nervorum
1905 3091 2073 3173 uterque*
2159 3141 2162 3149 .

271 3199 498 3273 illamentum
522 3202 776 3274 tenuissimum
804 3201 900 3300 (Fig.
922 3201 966 3272 V
964 3189 1039 3295 ,pl
1064 3204 1101 3274 in
1134 3205 1340 3294 musculos,
1380 3203 1444 3298 qui
1471 3203 1646 3298 parietem
1678 3203 1920 3299 posteriorem
1956 3221 2065 3271 oeso-

273 3320 382 3418 phagi
404 3337 652 3418 componunt,
677 3324 828 3417 emittit,
854 3337 932 3396 turn
960 3339 1081 3396 autem
1106 3325 1299 3396 duo'inter
1323 3349 1361 3396 se
1391 3347 1493 3400 ramo
1524 3338 1727 3399 transverso
1753 3325 1856 3396 tenui
1882 3320 1978 3423 (mg.
2006 3317 2056 3393 V.

275 3442 319 3516 V
316 3423 345 3516 I.
358 3443 420 3539 e),
446 3443 511 3542 qui
536 3441 686 3518 eosdem
712 3446 894 3518 musculos
918 3462 1086 3543 penetrat
1109 3449 1228 3546 iisque
1254 3449 1408 3521 omnino
1427 3448 1621 3543 obtegitur,
1645 3447 1830 3520 coniuncti
1857 3459 1951 3517 sunt.
1984 3443 2061 3516 tte-

271 3563 335 3638 dio
362 3591 405 3638 cx
430 3565 503 3639 hoc
528 3591 631 3640 ramo
665 3582 868 3642 transverso
898 3551 1084 3658 filamenta
1120 3569 1194 3644 duo
1214 3572 1437 3644 tenuissima
1468 3569 1575 3660 (ibid.
1598 3577 1636 3655 s.)
1672 3572 1859 3663 oriuntur,
1885 3591 1989 3665 quae
2019 3567 2059 3638 in

271 3703 375 3786 parte
400 3691 604 3787 posteriore
631 3692 829 3788 oesophagi
856 3693 1051 3767 ascendere
1076 3693 1256 3768 ridendtr.
1292 3729 1339 3748 -·
1375 3696 1490 3765 Porro
1517 3717 1559 3764 er
1586 3693 1643 3764 bis
1664 3695 1784 3764 nervis
1810 3691 2059 3787 oesophagum

271 3812 599 3908 complectentibus
621 3815 836 3886 emittuntur
861 3829 897 3888 et
922 3819 1110 3914 complura
1128 3817 1313 3890 illamenta
1338 3817 1548 3888 tenuissimo
1564 3817 1660 3915 (Fig.
1676 3816 1727 3888 V.
1744 3811 1773 3902 ζ.
1792 3809 1856 3901 ξς
1868 3821 1877 3898 )
1903 3811 1950 3884 ad
1978 3835 2061 3882 mu-

272 3933 392 4006 sculos
415 3934 576 4006 laterales
599 3937 811 4035 oesophagi,
837 3953 874 4010 et
899 3958 1018 4044 prope
1043 3965 1063 4012 a
1088 3942 1180 4012 labri
1205 3942 1367 4040 margine
1393 3961 1524 4010 nervus
1548 3939 1605 4009 his
1629 3933 2060 4034 paulo-lortiorlibid·fl‚

273 4055 339 4152 qui
365 4055 403 4128 in
428 4057 601 4130 musculis
622 4061 822 4158 oesophagi
848 4061 1029 4156 ascendit,
1060 4073 1174 4159 por'ro
1206 4077 1327 4138 autem
1362 4060 1483 4135 a'dboc
1509 4061 1714 4159 investigari
1738 4085 1814 4132 non
1839 4059 1987 4157 potuit,
2023 4071 2061 4128 et

270 4176 497 4252 illameutum
519 4189 631 4254 tenue
656 4179 758 4266 (ibid.
784 4189 846 4277 rc),
870 4184 974 4282 quod
1000 4183 1047 4257 ad
1073 4209 1136 4256 eos
1167 4187 1350 4258 musculos
1375 4211 1413 4259 se
1438 4187 1602 4260 conicere
1627 4184 1791 4276 videtur,
1826 4181 1890 4279 qui
1917 4181 2057 4251 labrum

269 4311 382 4372 testae
408 4309 575 4374 externae
595 4300 746 4401 affigunt
771 4304 921 4390 (Tadi.
946 4309 1088 4410 eigil.
1111 4308 1181 4392 U.)-
1210 4344 1253 4362 ·-·
1284 4309 1427 4400 Quibus
1452 4310 1624 4382 omnibus
1647 4309 1757 4382 remia
1782 4303 1931 4396 emissis,
1959 4301 2059 4374 uerti

272 4419 471 4519 oesophagi
498 4445 540 4492 ex
565 4435 724 4522 utroque
748 4428 859 4500 latere
884 4429 923 4502 in
949 4431 1091 4504 labrum
1119 4434 1238 4529 ipsum
1263 4435 1468 4531 progressi,
1488 4430 1613 4505 medio
1639 4432 1678 4503 in
1703 4429 1864 4526 margine
1891 4429 1968 4499 eius
1994 4449 2058 4498 ao„

268 4546 404 4618 teriore
429 4546 653 4620 conveniunt
677 4563 714 4622 et
738 4553 925 4625 coniuncti
950 4555 1119 4656 ganglion
1143 4554 1333 4652 quoddam
1351 4555 1456 4642 i'l'ob.
1472 4555 1543 4630 ΙΙΙ.
1565 4555 1649 4655 Fig.
1663 4552 1712 4626 V.
1726 4551 1769 4624 V
1769 4551 1796 4624 I.
1820 4551 1870 4636 li.)
1895 4570 2059 4649 parrum,

270 4767 419 4780 —·—-·—
438 4768 564 4780 --

267 4923 271 4930 ’
334 4907 549 4986 *teranto
568 4917 598 4974 et
619 4859 866 5000 liuizeburg¹
881 4915 1097 4982 richemeris
1119 4919 1276 5004 zcotogta.
1303 4937 1331 4982 r.
1353 4917 1541 4984 ilusskrebs.

435 5037 593 5106 Brundi
613 5042 846 5150 Renerkungen
867 5049 943 5112 uber
976 5049 1026 5114 die
1046 5049 1278 5134 liundnragen-
1307 5050 1386 5115 oder
1404 5045 1720 5131 Bingeucitieuerren'
1747 5043 1802 5106 der
1831 5041 2061 5105 tresorum.

394 5153 496 5238 Lelos.
522 5159 612 5222 1835.
634 5177 664 5242 p.
678 5161 708 5224 9.
