4786 6002
358 853 398 928 st
422 855 516 932 sulti
541 855 651 936 basin.
670 857 1205 961 accuratiuscootesaplamsn,
1237 863 1404 943 aldemaro
1430 867 1544 946 medii
1569 884 1712 946 muham
1738 872 1878 948 canalis
1898 873 2059 970 parietes.

261 973 309 1053 ed
334 979 677 1078 marginemnsqna
698 983 790 1058 scuti
816 983 1021 1086 pertinere,
1037 999 1259 1062 :ceterorum
1296 1005 1417 1066 autem
1444 992 1704 1090 dissepimenta
1731 995 1824 1088 iam,
1854 1009 2054 1094 antequam

261 1096 361 1176 hane
386 1116 639 1198 statasquuntun¹
665 1103 851 1210 desipere.3
880 1133 956 1210 nup
982 1123 1128 1204 semper
1156 1111 1306 1208 quidem
1331 1115 1463 1188 barum
1489 1117 1653 1210 partium·
1673 1097 1897 1196 constructio
1923 1119 2053 1200 eadem

93 1256 102 1278 ·
213 1259 216 1264 Α
262 1247 339 1298 esse
366 1224 629 1320 vidnn·‚.neo
651 1228 719 1328 ‚nst
748 1219 1250 1332 omnneanpteasssangutne
1277 1239 1439 1311 evacuati
1462 1254 1573 1332 sunt',
1606 1243 1704 1314 hene
1728 1243 1893 1338 conspici
1920 1255 2054 1338 potest,

261 1347 478 1446 plerumque
502 1349 919 1449 autemdissepirnenta,
946 1367 1040 1450 quoe
1059 1357 1219 1428 canalem
1237 1357 1438 1432 secundum
1465 1363 1609 1436 atentia
1623 1375 1659 1454 et
1678 1376 1848 1457 quartum
1878 1389 1899 1434 a
1922 1366 2054 1460 quinto

153 1521 158 1526 -
202 1495 204 1498 ·
260 1472 490 1571 disiungunt,
524 1474 666 1570 longius
693 1501 804 1572 quam
825 1476 1131 1574 dissepimentum
1161 1479 1247 1582 ipsis
1273 1481 1501 1557 interiectum
1531 1482 1738 1578 procedunt
1760 1499 1796 1556 et
1822 1486 1871 1557 ita
1896 1489 2055 1560 coniun-

259 1611 414 1694 guntur,
449 1613 489 1672 nt
510 1601 654 1675 canales
686 1603 831 1675 tertiare*
846 1615 883 1677 et
906 1615 1064 1697 ‚quartus
1099 1602 1365 1682 concludantur
1396 1620 1433 1677 et
1467 1607 1647 1681 sectandus
1680 1609 1795 1681 modo
1833 1611 1989 1710 liberum
2014 1613 2055 1684 in

261 1716 394 1790 ostium
420 1731 522 1792 erest
545 1719 641 1818 (Frg.
654 1720 712 1808 1.).
785 1765 788 1774 -

302 1887 306 1914 t
359 1838 572 1914 Cuiusmodi
606 1842 664 1914 his
693 1843 736 1914 in
769 1845 955 1918 branchiis
991 1849 1038 1922 sit
1063 1851 1245 1950 sanguinis
1271 1853 1464 1948 circuitus,
1500 1857 1717 1928 iuvenilibus
1748 1857 1786 1930 in
1818 1859 2056 1953 animalculis,

258 1961 534 2060 quae·duarum
561 1965 617 2037 vel
642 1966 753 2038 trium
787 1967 965 2044 linearum
1002 1973 1269 2071 longitudinem
1303 2003 1380 2052 non
1410 1994 1604 2074 superant,
1635 1982 1881 2077 microscopio
1915 1983 2056 2079 optime

179 2113 182 2122 ·
260 2090 417 2185 perspici
441 2103 564 2185 potest
594 2102 630 2162 et
662 2107 867 2165 memoratu
904 2095 1048 2170 ridetur
1078 2097 1343 2196 dignissimum.
1409 2098 1581 2174 Celeriter
1612 2103 1710 2174 enim
1734 2127 1788 2205 'ac
1817 2101 2055 2175 vehementer

256 2215 441 2309 sanguinis
465 2216 561 2287 rivus
586 2241 736 2314 maguus
762 2231 798 2287 et
820 2220 1016 2292 continuus
1039 2247 1059 2293 e
1082 2247 1239 2319 corpore
1267 2223 1432 2296 medium
1460 2225 1497 2296 in
1519 2226 1681 2298 canalem
1708 2225 1798 2300 senti
1827 2225 2054 2321 propellitur.

258 2332 365 2409 Cuius
392 2361 505 2434 qutun
536 2351 701 2436 quartam
728 2342 784 2412 vel
809 2344 953 2414 tertiam
978 2359 1120 2442 partem
1145 2345 1385 2443 longitudinis
1403 2349 1593 2444 percurrit,
1621 2347 1770 2444 sanguis
1788 2347 1908 2419 statim
1935 2347 2056 2442 paric-

256 2471 311 2530 tes
337 2461 469 2534 canalis
491 2462 656 2534 laterales
677 2487 915 2560 perrumpere
946 2480 985 2536 et
1010 2469 1048 2539 in
1073 2471 1263 2566 proximos
1287 2472 1441 2544 transire
1467 2471 1612 2567 coepit,
1648 2471 1697 2544 ita
1730 2482 1770 2540 ut
1796 2469 1896 2540 nullo
1925 2467 2056 2542 ordine

257 2582 360 2656 multi
388 2584 539 2655 existant
564 2585 691 2678 rivuli,
728 2587 792 2682 qui
826 2601 889 2660 ant
913 2613 979 2684 per
1004 2592 1148 2662 canales
1180 2593 1345 2666 laterales
1377 2591 1423 2664 ad
1453 2616 1586 2688 eorpus
1606 2592 1782 2686 redeant,
1817 2605 1879 2664 ant
1903 2591 2052 2687 longius

256 2707 436 2804 progressi
458 2706 505 2778 ad
532 2709 732 2804 marginem
759 2733 875 2806 usque
897 2713 993 2783 senti
1017 2723 1202 2786 externam
1230 2728 1448 2811 penetrent,
1484 2716 1548 2786 ubi
1575 2715 1643 2810 ipsi
1668 2739 1735 2810 per
1761 2737 1915 2788 massam
1940 2715 2054 2784 bran·-

260 2828 365 2906 ehiae
390 2831 599 2905 cellulosam
624 2833 720 2906 viam
745 2834 815 2906 sihi
840 2837 1017 2930 aperiant.
1072 2836 1196 2928 Quum
1223 2853 1344 2912 antem
1367 2839 1437 2912 hac
1460 2838 1517 2910 via
1544 2838 1591 2912 ad
1618 2838 1818 2935 marginem
1845 2861 1962 2934 usque
1990 2859 2055 2907 an-

258 2955 432 3026 teriorem
458 2956 574 3050 senti,
607 2981 683 3052 qno
711 2958 1008 3053 cephalothoraci
1035 2958 1247 3032 adiunctum
1275 2975 1348 3052 est,
1383 2975 1648 3058 pervenerunt,
1675 2985 1804 3034 omnes
1828 2984 1951 3032 versus
1973 2982 2053 3030 me-

259 3075 362 3152 dium
392 3077 556 3152 eiusdem
586 3103 626 3152 se
655 3093 803 3152 venunt
837 3095 874 3152 et
910 3083 948 3154 in
982 3084 1330 3180 cephalothoracern
1360 3086 1553 3158 relluentes
1585 3108 1605 3156 a
1644 3096 1844 3178 conspectu
1876 3080 2054 3155 recedunt

258 3201 533 3301 reiparte).
560 3203 601 3274 ln
624 3203 756 3298 impari
781 3207 909 3299 canali,
936 3207 974 3278 in
1001 3206 1173 3279 mediana
1196 3209 1287 3280 scuti
1319 3208 1414 3280 linea
1442 3206 1671 3298 decurrente,
1696 3205 1880 3302 sanguinis
1905 3227 2050 3274 cursum

255 3339 410 3424 propter
434 3327 604 3398 colorem'
623 3328 785 3398 intestini
811 3330 1036 3404 subiacentis
1051 3329 1245 3400 obscurum
1274 3330 1467 3406 observare
1494 3325 1646 3422 quidem
1674 3351 1750 3398 non
1775 3325 1901 3421 potui,
1926 3337 2051 3396 tamen
2114 3389 2118 3396 .

257 3475 335 3522 non
361 3447 515 3522 dubium
542 3469 619 3520 esse
647 3448 773 3542 credo,
798 3450 891 3546 quin
917 3475 962 3522 eo
979 3475 1133 3548 qunque
1158 3451 1275 3523 canali
1300 3471 1343 3523 ex
1369 3463 1525 3546 utraque
1549 3448 1640 3520 scuti
1663 3462 1765 3545 parte
1788 3448 1933 3544 sangnis
1958 3448 2053 3520 reci·

252 3571 382 3668 piatur.
401 3584 437 3642 et
458 3570 506 3642 ad
531 3593 666 3666 corpus
690 3569 901 3642 reducatur.
1628 3581 1630 3590 ’

295 3695 299 3704 ’
330 3695 417 3768 llis
451 3719 535 3767 cum
567 3693 885 3766 observationibus
918 3693 1136 3794 disquisitio¹
1160 3701 1368 3772 anatomica
1401 3699 1583 3774 convenit.
1641 3698 1709 3768 Vas
1742 3696 1842 3801 enim
1876 3719 2050 3791 magnum

252 3816 442 3914 latumque
466 3821 562 3918 (th.
574 3821 622 3892 X.
639 3824 686 3906 α.)
722 3818 768 3888 ab
795 3833 953 3915 utroque
982 3817 1095 3892 latere
1124 3817 1441 3913 cephalothoracis
1476 3819 1518 3892 in
1548 3833 1689 3892 scutum
1717 3815 1882 3890 ascendit
1907 3829 1944 3886 et
1968 3835 2049 3888 me-

253 3937 458 4014 diumeius
491 3945 530 4014 in
564 3944 754 4036 canalem,
788 3941 889 4013 onius
921 3939 969 4012 ad
1002 3951 1289 4044 partemvusque
1329 3941 1402 4014 lere
1433 3945 1577 4016 tertiam
1618 3939 1856 4040 longitudinis
1891 3916 2048 4035 parietes

253 4065 458 4162 investigari
485 4080 653 4162 possunt,
678 4066 818 4138 transit.
870 4061 982 4153 Quod
1010 4088 1124 4159 quum
1151 4088 1214 4136 vas
1238 4065 1451 4162 sangninem
1477 4052 1663 4138 branchiis
1689 4065 1825 4157 aderat,
1850 4087 1922 4134 nas
1946 4059 2047 4163 ‹ffe-

206 4183 208 4190 '
253 4215 340 4264 rens
372 4191 446 4262 sire
474 4193 617 4262 arteria
651 4187 880 4262 bracchiatis
912 4186 1095 4259 nominari
1132 4198 1265 4283 potest.
1346 4188 1424 4260 Una
1462 4201 1583 4264 antem
1617 4213 1701 4264 oum
1735 4187 1809 4258 hoc
1846 4183 1944 4256 aliud
1988 4209 2047 4259 vas

252 4315 351 4415 (Εἰς.
369 4314 418 4388 X.
431 4313 497 4389 'Bi
537 4311 752 4384 branchiam
780 4312 921 4406 intrat,
960 4309 1063 4408 quod
1097 4335 1117 4380 e
1155 4309 1268 4382 corde
1302 4309 1544 4407 proficiscitur
1579 4323 1616 4382 et
1647 4309 1724 4383 basi
1758 4308 1849 4382 scuti
1880 4306 1985 4390 duos¹
2004 4307 2045 4380 iu

251 4459 375 4509 ramos
406 4433 509 4522 libid.
533 4433 566 4508 b.
589 4433 665 4528 b.),
699 4435 880 4511 arteriam,
905 4432 1156 4508 branchialem
1198 4432 1331 4529 partim
1369 4433 1652 4528 complectentes
1687 4444 1722 4502 et
1763 4427 1809 4500 ad
1842 4429 2046 4524 marginem

251 4562 343 4631 scuti
375 4584 428 4630 se.
445 4559 645 4652 vertentes,
679 4557 772 4630 findi
799 4557 952 4632 videtin.
1015 4559 1132 4628 Porro
1157 4570 1277 4630 autem
1304 4557 1396 4630 haec
1429 4579 1512 4626 rasa
1537 4554 1741 4651 investigari
1770 4577 1845 4626 non
1871 4549 2043 4646 possunt,

251 4679 325 4752 sed'
358 4683 436 4778 ipsa
478 4682 677 4778 parietibus
714 4669 886 4778 propriis
919 4681 1058 4778 privata
1106 4683 1147 4754 in
1183 4705 1337 4754 massam
1379 4678 1626 4752 brenchialem
1667 4677 1819 4756 transire
1857 4674 2038 4748 ridentur·

252 4801 396 4896 Quare,
434 4827 530 4900 qnae
563 4803 774 4901 sangninem
808 4799 856 4874 ex
877 4815 1035 4900 unaque
1060 4803 1328 4876 canalisrmedii
1355 4815 1458 4897 parte
1483 4825 1551 4897 per
1575 4799 1787 4875 branchiam
1822 4797 2040 4872 redeuntem
2091 4883 2093 4888 ,

251 4927 433 5022 excipiant
467 4939 503 4996 et
536 4923 583 4998 ad
617 4950 682 4998 eor
726 4926 845 5022 ipsum
887 4924 1080 5019 reducant,
1124 4938 1207 5022 apta
1247 4938 1329 4997 snnt
1365 4938 1402 4996 et
1434 4947 1529 4997 nora
1562 4925 1765 5011 referentia
1803 4921 1877 4990 sire
1914 4940 2033 4990 nenne

250 5047 487 5126 trancttales
513 5049 697 5122 nominari
722 5061 886 5145 possunt.
937 5047 1010 5120 Sed
1034 5073 1107 5120 non
1134 5048 1225 5120 haec
1250 5072 1332 5120 vasa
1362 5049 1480 5120 solum
1507 5044 1555 5118 ad
1581 5045 1791 5142 sanguinem
1816 5067 1836 5114 e
1863 5041 2040 5113 branchia

251 5171 504 5272 recipiendum
531 5171 709 5246 destinata
734 5185 846 5266 sunt,
865 5170 932 5246 sed
961 5172 1095 5246 canalis
1126 5172 1236 5250 etiam
1263 5171 1355 5245 scuti
1372 5172 1503 5274 ,impar
1529 5170 1627 5270 (Εἰς.
1642 5169 1670 5242 I.
1682 5171 1743 5252 οἵ)
1767 5166 1861 5240 ostio
1886 5165 2039 5266 proprio
