4786 6002
565 617 586 653 0

1126 665 1378 747 alfius

358 866 449 940 sales
473 868 548 940 hoo
573 868 657 958 loeo
672 867 721 938 viu
745 879 939 962 utramque
963 876 1109 962 partem
1134 852 1324 940 discedant
1345 847 1402 946 (oi.
1431 853 1563 933 Tota
1589 855 1747 958 rtg.1.r‚·
1764 857 1874 931 situm
1894 845 1961 952 ast,
1983 871 2148 932 ettotam

356 1013 426 1087 per
450 989 669 1062 anteriorem
696 985 905 1060 abdominis
930 985 1118 1084 partomi.
1133 1011 1165 1057 e.
1192 983 1240 1056 ad
1262 981 1498 1054 undeoimum
1524 1001 1642 1076 nsque
1666 980 1831 1078 eorporis
1857 981 2049 1072 annubrm,
2074 1002 2149 1053 non

357 1127 492 1208 autem,
516 1125 559 1184 nt
583 1095 857 1185 etSehaeier
883 1123 919 1180 et
943 1103 1177 1182 Berth'o·1d
1201 1105 1348 1199 dieunt,
1375 1103 1423 1178 ad
1448 1120 1650 1177 extremam
1668 1103 1878 1178 abdominis
1902 1120 2043 1202 partem
2066 1129 2151 1202 prr-
2176 1128 2185 1144 ·

356 1237 472 1308 tinet..
492 1274 532 1288 -
560 1233 767 1330 Longitudo
794 1235 871 1305 eius
896 1232 1125 1305 latitudinem
1152 1231 1274 1303 denies
1297 1231 1355 1302 rel
1381 1227 1579 1301 duodecies
1605 1242 1763 1326 superat,
1786 1253 1871 1326 pars
1892 1231 2075 1325 posterior
2095 1241 2150 1304 at-

356 1371 507 1430 tenuata
536 1357 579 1430 in
617 1359 760 1454 apicem
795 1357 973 1427 ¹obtusum
991 1381 995 1407 2
1015 1354 1098 1426 exit.
1173 1356 1260 1426 Pars
1300 1353 1461 1425 anterior
1488 1353 1538 1425 'in
1583 1353 1926 1451 cephalothoraoem
1969 1353 2148 1448 procedit.

355 1479 574 1578 Superiieies
601 1467 767 1576 superior
791 1480 832 1551 in
857 1478 1030 1550 undecim
1056 1491 1260 1575 segmenta,
1295 1496 1392 1572 quae
1413 1475 1623 1548 abdominis
1649 1477 1791 1549 annulis
1814 1475 2060 1572 respondent,
2093 1474 2152 1546 di·

356 1603 435 1674 risa
457 1617 493 1674 et
520 1603 616 1674 intsr
642 1602 759 1690 binos¹
779 1602 936 1672 annulos
967 1601 1060 1672 iesse
1088 1598 1251 1698 quadam
1281 1614 1503 1693 transversa,
1534 1599 1699 1696 margine
1733 1598 1883 1671 elatiore
1917 1596 2151 1692 mresrmdata,

359 1726 533 1796 instructa
556 1737 628 1820 est,
661 1723 872 1820 superficies
898 1723 1050 1796 inferior
1074 1723 1230 1794 omnino
1255 1723 1365 1794 laevis
1390 1733 1455 1792 est.
1508 1721 1593 1792 Pars
1617 1717 2025 1814 rordisabdominalis,
2058 1734 2151 1818 quae

357 1969 528 2062 ridetur,
560 1982 752 2064 tantopere
786 1967 931 2040 extendi
958 1983 995 2040 et
1020 1969 1191 2040 eontrahi·
1219 1981 1365 2060 potest,
1394 1980 1436 2038 ut
1468 1965 1581 2064 duplo
1613 1969 1695 2064 plus
1727 1965 1899 2039 dilatetur
1932 1977 1969 2038 et
1993 1969 2151 2063 parietes

356 2077 471 2165 modo
505 2093 710 2165 tenuissimi
741 2089 858 2164 modo
898 2094 983 2164 satis
1007 2093 1114 2164 crassi
1140 2091 1397 2186 inveniantur,
1432 2106 1544 2189 prout
1573 2115 1640 2164 eor
1673 2093 1845 2192 sanguine
1881 2093 2061 2189 repletum
2090 2105 2151 2164 aut

356 2239 512 2290 saeuum
536 2219 593 2289 sit.
617 2255 665 2272 -
697 2217 787 2288 Vasa
812 2241 880 2288 neo
906 2217 1074 2288 oriuntur
1103 2237 1124 2286 a
1151 2229 1257 2312 perte
1291 2213 1415 2287 eordis
1438 2213 1691 2309 abdominali,
1728 2239 1797 2288 nee
1830 2217 1870 2287 in
1901 2239 1981 2286 eam
2008 2229 2152 2310 erermt,

358 2363 585 2438 quamquam
611 2341 656 2411 ol.
680 2337 830 2411 Gaede
854 2361 892 2410 se
917 2338 1127 2434 planissime
1154 2339 1284 2432 quovis
1310 2339 1349 2408 in
1372 2352 1563 2435 segmento
1584 2335 1708 2411 cordis
1731 2363 1773 2412 ea
1799 2339 2023 2435 perspexisse
2045 2335 2149 2432 dicit,

357 2476 394 2533 et
419 2465 463 2534 ol.
480 2461 733 2556 berthold,
761 2455 953 2558 quommo
979 2460 1071 2531 haee
1092 2483 1176 2530 rasa
1199 2459 1247 2531 ad
1269 2459 1383 2557 pedes
1407 2485 1526 2558 usque
1551 2463 1588 2532 in
1614 2462 1781 2558 corporis
1801 2462 1975 2533 lateribus
1997 2459 2152 2534 deseen-

355 2585 447 2658 dant
473 2601 510 2658 et
534 2611 621 2658 oum
644 2586 852 2656 orariorum
879 2584 971 2654 vasis
995 2605 1034 2654 se
1060 2584 1311 2679 coniungant,
1344 2597 1476 2656 narrat.
1526 2583 1600 2656 Sed
1627 2585 1720 2656 haee
1752 2598 1807 2656 est
1841 2584 1963 2656 sordis
1984 2597 2153 2656 constrar-

358 2710 454 2780 otio:
480 2711 522 2780 ln
546 2731 771 2806 unaquaque
797 2707 972 2778 fossarum
1000 2707 1140 2778 iliarum
1165 2719 1470 2801 transverserans,
1496 2731 1591 2804 quae
1616 2706 1753 2778 finibus
1778 2708 1956 2779 binorum
1980 2705 2153 2778 abdomi-

356 2829 414 2902 nis
436 2831 654 2902 annulorum
681 2827 944 2924 respondentes
966 2828 1154 2924 superiore
1181 2828 1220 2899 in
1245 2828 1438 2924 superlioie
1464 2830 1553 2902 sitae
1577 2843 1686 2924 suut,
1723 2832 1764 2903 in
1800 2843 1960 2928 utroque
1985 2831 2148 2928 margine

356 2952 494 3024 laterali
520 2975 631 3048 parra
655 2952 748 3022 rima
771 2951 952 3046 reperitur
976 2963 1175 3022 transversa
1203 2951 1302 3050 (Fig.
1317 2951 1391 3024 IV.
1411 2951 1462 3024 V.
1477 2951 1548 3025 VI.
1566 2949 1635 3045 ab),
1648 2973 1716 3048 per
1739 2972 1850 3048 quam
1876 2948 1923 3024 ad
1948 2949 2064 3048 ipsam
2091 2971 2151 3022 oa-

357 3077 506 3148 ritatem
531 3075 654 3148 cordis
678 3074 797 3146 aditus
823 3087 886 3145 est.
923 3073 1100 3170 llargines
1125 3074 1293 3145 elatiores
1319 3073 1448 3145 fossam
1476 3086 1716 3147 transversam
1742 3071 2010 3146 circumdantes
2032 3074 2072 3146 in
2095 3073 2149 3144 la-

354 3199 492 3270 teribus
518 3200 631 3296 magis
657 3199 821 3269 eminent
839 3209 887 3290 et,
912 3197 1127 3266 membrana
1152 3195 1274 3266 cordis
1298 3198 1473 3292 peurliari
1498 3195 1653 3270 duarum
1681 3174 1901 3270 ralvrrlarum
1928 3197 1966 3267 in
1993 3195 2147 3267 formam

353 3321 450 3418 (Fig.
474 3321 517 3392 V
515 3322 563 3395 II.
572 3327 621 3421 g.)
650 3321 824 3392 introrsus
850 3319 1002 3412 inflexa,
1028 3320 1131 3415 quasi
1157 3318 1232 3390 duo
1258 3318 1355 3391 labia
1380 3333 1633 3417 componunt,
1666 3319 1801 3417 quibus
1831 3321 1891 3390 illa
1915 3319 2007 3428 rima
2032 3316 2145 3390 eorde

351 3456 543 3514 eontracta
574 3467 722 3538 prorsus
750 3441 993 3513 conciuditur.
1045 3440 1174 3513 Cordis
1207 3456 1329 3514 autem
1364 3444 1402 3514 in
1435 3445 1587 3518 caritate
1618 3443 1715 3515 nulla
1756 3439 2016 3539 dissepimenta
2041 3467 2149 3539 repe-

352 3565 508 3657 riuntur,
534 3565 668 3660 quibus
695 3563 918 3634 insertorum
945 3563 1038 3633 rasis
1059 3563 1213 3635 dorsalis
1232 3565 1272 3636 in
1296 3564 1450 3637 modurn
1476 3566 1684 3662 complures
1707 3566 1747 3638 in
1770 3566 1994 3638 ventriculos
2014 3563 2147 3663 partita

350 3689 409 3780 sit,
434 3687 500 3759 sed
525 3689 677 3785 simplex
702 3689 814 3759 totius
836 3686 958 3758 cordis
982 3687 1114 3758 raritas
1139 3701 1203 3759 est
1243 3723 1292 3740 -
1325 3685 1397 3760 Cor
1422 3689 1552 3786 quotis
1583 3691 1621 3761 in
1655 3687 1866 3762 abdominis
1891 3685 2030 3761 annulo
2055 3689 2149 3786 liga·

350 3802 485 3882 mentis
510 3803 799 3882 membranaeeis
822 3809 880 3880 rel
905 3808 1181 3905 muscularibus,
1209 3812 1375 3908 superius
1399 3826 1513 3885 testae
1537 3811 1784 3910 mumulisque
1810 3810 2027 3906 dorsalibus,
2056 3813 2150 3884 inie-

349 3935 425 4005 rius
453 3945 573 4006 autem
599 3933 836 4004 membranae
859 3931 927 4002 sub
955 3931 1067 4003 eorde
1094 3933 1132 4004 in
1155 3933 1357 4006 abdomine
1383 3947 1550 4006 extensae
1575 3930 1722 4006 affixum
1748 3947 1833 4006 est·
1858 3932 2032 4006 inferiora
2055 3933 2147 4029 liga-

349 4069 473 4128 menta
498 4055 612 4152 magis
636 4051 834 4126 tendinosa
860 4053 960 4153 (Fig.
975 4054 1026 4128 V.
1036 4055 1171 4155 fifif.)
1203 4071 1241 4130 et
1265 4059 1515 4155 oompinribus
1545 4057 1741 4130 iiiamentis
1762 4083 1764 4086 ·
1781 4057 1972 4130 communi
1999 4079 2042 4130 ex
2070 4057 2148 4128 ori·

198 4173 210 4202 ‘
338 4179 431 4276 gine
458 4179 547 4252 ortis
569 4178 774 4274 composita
798 4177 948 4273 utrique
973 4177 1095 4249 sordis
1121 4180 1275 4277 margini
1302 4181 1437 4254 laterali
1464 4179 1646 4272 inferiori,
1678 4181 1869 4276 superiora
1892 4178 1997 4264 (ibid.
2012 4201 2086 4254 ee.
2102 4189 2148 4260 ai

351 4303 550 4399 simplicis,
584 4300 802 4372 muscularia
828 4300 866 4370 in
893 4301 1020 4396 quavis
1041 4301 1134 4374 losse
1156 4325 1266 4398 supra
1289 4303 1419 4374 rimam
1446 4303 1630 4375 lateralem
1658 4300 1762 4374 cordi
1790 4303 2011 4374 inseruntur.
2064 4301 2148 4394 Qua

347 4447 387 4495 re
413 4421 545 4498 sartum
573 4447 649 4496 esse
674 4422 834 4516 ridetur,
866 4435 907 4493 ut
933 4423 1024 4494 haee
1048 4422 1233 4496 filamonta
1256 4449 1342 4497 rasa
1366 4449 1442 4497 esse
1467 4441 1639 4525 putarent
1664 4427 1715 4500 ilii
1738 4428 1958 4524 scriptores,
1985 4452 2053 4501 nee
2078 4451 2148 4500 ne·

347 4547 423 4642 gari
450 4561 590 4642 potest,
623 4546 745 4643 primo
771 4546 906 4618 intuitu
932 4569 974 4618 ea
998 4569 1122 4618 revera
1146 4571 1222 4618 esse
1248 4549 1318 4619 illis
1341 4548 1482 4623 similia.
1544 4551 1760 4626 Extremitss
1785 4574 1939 4650 quoque
1964 4554 2149 4651 posterior

348 4667 472 4740 cordis
495 4669 693 4764 ligamento
721 4667 915 4740 masculari
940 4671 1114 4742 musculis
1136 4667 1341 4744 dorsalibus
1366 4671 1471 4748 affixa
1489 4689 1552 4748 est.

446 4798 477 4876 ς.
508 4793 565 4862 16.
621 4791 839 4866 Membrana
860 4791 971 4866 cordi
993 4789 1200 4868 subiacens.
1234 4829 1279 4850 ·-
1316 4771 1390 4874 snb
1416 4797 1529 4871 eorde
1553 4813 1756 4874 transverse
1788 4821 1854 4897 per
1881 4809 1998 4872 totam
2030 4795 2149 4871 abdo·

344 4917 454 4988 minis
479 4915 669 4988 raritatem
696 4917 911 4988 menbrana
930 4913 1118 5012 quaedam
1153 4917 1253 5018 (Frg.
1271 4917 1340 4991 IX.
1357 4921 1490 4997 Ml.
1506 4923 1572 5010 Μ.)
1604 4939 1749 4998 extensa
1775 4938 1840 4998 est.
1892 4925 1999 5023 Quae
2026 4947 2149 4996 mem-

345 5039 459 5112 brana
481 5041 550 5112 sub
577 5035 689 5110 corde
716 5052 752 5110 et
776 5060 885 5136 supra
911 5039 1125 5112 intestinum
1151 5041 1246 5134 sita,
1277 5043 1343 5114 sub
1370 5047 1542 5118 musculis
1572 5045 1778 5122 dorsalibus
1812 5061 1850 5126 et
1881 5071 1990 5147 supra
2029 5047 2151 5122 oraria

346 5162 395 5238 ad
420 5165 606 5238 masculos
628 5183 746 5262 usque
771 5163 964 5262 utriusque
986 5164 1109 5238 lateris
1133 5163 1314 5264 presedit,
1342 5179 1380 5239 et
1400 5168 1460 5240 bis
1485 5170 1573 5270 ipsis
1591 5172 1768 5246 'musculis
1790 5169 1961 5247 adiacens
1979 5178 2153 5268 areisque
