4786 6002
348 857 418 927 res,
442 833 561 906 forma
585 827 769 928 depressa,
790 823 952 923 margine
977 823 1155 896 exteriore
1181 816 1404 914 rotundato,
1429 817 1603 892 interiore
1628 815 1866 914 emarginato,
1891 813 1995 910 apice
2017 823 2135 884 acuto.

352 991 399 1011 -··
414 953 600 1030 Maniliae
609 955 836 1052 posteriores
859 947 1101 1032 (maxillarum
1110 942 1379 1040 priusparSar
1389 944 1400 1013 i
1410 969 1433 1039 g
1443 947 1508 1038 oy)
1523 937 1641 1030 (Tan
1651 937 1681 1014 Ι.
1697 939 1784 1038 mg.
1799 936 1843 1010 V
1840 937 1902 1011 ,Ε
1920 973 1950 988 -
1965 933 2136 1012 Schacl.

347 1077 496 1152 Tabll.
523 1078 594 1172 Fig.
612 1075 666 1147 tv.
683 1073 719 1159 i.)
753 1070 939 1170 prioribus
963 1069 1143 1158 maiores,
1173 1063 1290 1138 lorma
1323 1063 1513 1162 depressa,
1538 1062 1701 1158 margine
1725 1060 1903 1132 exteriore
1928 1055 2138 1150 rotundato,

349 1201 523 1272 interiore
547 1197 712 1269 dentium
739 1191 881 1266 duabus
906 1191 963 1262 rel
983 1189 1100 1260 tribus
1121 1187 1283 1260 seriebus
1309 1187 1442 1258 ob'sito.
1477 1219 1524 1240 ·-
1559 1180 1789 1259 lindimenta
1808 1183 2051 1279 primiparis
2071 1202 2138 1279 pe-

348 1320 437 1394 dum
462 1321 749 1408 tlrorocicorum,
774 1337 868 1412 quae
894 1314 999 1409 vulgo
1025 1325 1207 1384 antennae
1232 1309 1482 1402 nominantur,
1508 1305 1615 1392 (Tot.
1628 1304 1659 1383 Ι.
1684 1305 1768 1405 Fig.
1781 1301 1832 1378 V.
1841 1305 1942 1378 A.-
1958 1302 2134 1380 Schael.

349 1443 501 1516 Tabll'.
525 1442 596 1536 lig.
615 1444 656 1524 Ι.)
690 1439 728 1510 in
752 1436 891 1534 pariete
915 1435 1118 1532 posteriorc
1140 1433 1252 1528 partis
1281 1432 1474 1506 anterioris
1505 1429 1821 1528 cephalotboracis
1846 1431 1983 1529 posita,
2012 1431 2140 1503 biarti-

350 1568 493 1655 culata,
532 1563 635 1658 apice
670 1559 754 1631 setis
775 1558 892 1630 tribus
917 1557 1074 1654 parvulis
1099 1572 1301 1652 coronato,
1336 1558 1460 1632 colore
1478 1555 1629 1631 albido.
1667 1595 1713 1608 -
1735 1553 1964 1632 Redimentn
1987 1556 2141 1632 secundi

346 1689 454 1786 poris
471 1681 608 1783 pedum
626 1680 1021 1769 eberneicornmffab.
1033 1681 1065 1754 I.
1089 1682 1174 1784 Fig.
1188 1681 1232 1755 V
1231 1681 1316 1777 .B.),
1342 1707 1437 1780 quae
1462 1682 1679 1778 plerumque
1702 1679 1833 1752 adultis
1860 1680 1898 1752 iu
1924 1681 2140 1758 animalibus

350 1807 616 1891 desiderantur,
641 1805 699 1877 bis
724 1813 846 1876 autem
874 1825 896 1876 a
921 1827 980 1874 me
1001 1815 1145 1900 reperta
1166 1817 1263 1898 sunt,
1287 1805 1325 1876 in
1350 1805 1489 1901 pariete
1514 1805 1718 1900 posteriore
1742 1803 1855 1901 partis
1874 1803 2066 1878 anterioris
2080 1826 2140 1875 oe-

350 1928 622 2026 phalothoracis
647 1951 758 2024 snpra
783 1939 821 1998 et
843 1938 928 2023 post
950 1923 1160 1999 rudimenta
1186 1927 1296 2024 primi
1322 1927 1419 2024 paris
1442 1927 1580 2024 posita,
1604 1927 1662 1998 his
1687 1927 1802 1999 multo
1822 1927 1992 2019 minora,
2017 1927 2140 2000 colore

348 2053 487 2128 albido.
499 2091 543 2106 ·-·
556 2049 783 2126 Rndimema
806 2053 910 2126 tertii
925 2053 1033 2148 paris
1053 2049 1190 2149 pedum
1216 2051 1752 2148 thoracicorwn(1²ressspinen
1764 2051 1933 2127 Schael'.
1954 2093 2005 2109 -
2019 2050 2142 2124 Maxil-

354 2182 471 2252 larum
497 2179 650 2250 alterum
674 2173 922 2273 parSa'rign
931 2181 966 2271 y)
991 2173 1136 2264 (Tati.
1162 2175 1249 2272 Fig.
1271 2172 1316 2244 V
1313 2232 1322 2249 .
1336 2173 1386 2248 G.
1399 2175 1485 2274 Fig.
1502 2173 1548 2244 V
1544 2175 1587 2257 Ι.)
1615 2175 1711 2248 inter
1738 2174 1897 2248 maxillas
1922 2188 1959 2248 et
1978 2176 2138 2272 primum

350 2297 488 2394 pedum
514 2296 802 2369 abdomiualium
828 2319 896 2394 par
915 2295 1215 2392 oepbalotboraei
1237 2292 1354 2388 affixa,
1376 2295 1550 2389 bilobata,
1563 2295 1651 2368 lobo
1666 2296 1839 2369 interiore
1856 2295 1934 2368 basi
1947 2307 2142 2388 attenuata,

350 2415 454 2516 apice
469 2419 579 2517 paulo
606 2417 733 2490 latiore
752 2431 796 2490 'et
819 2417 1030 2510 rotundato,
1055 2416 1138 2514 pilis
1156 2417 1242 2488 satis
1257 2416 1377 2514 ¹longis
1398 2416 1512 2491 dense
1538 2419 1673 2512 obsito,
1697 2418 1785 2492 lobo
1797 2417 1978 2492 exteriore
1991 2417 2141 2520 majore,

349 2543 427 2615 basi
451 2542 591 2634 latiore,
619 2565 741 2614 versus
765 2542 908 2639 apicem
934 2543 1153 2640 angustiore,
1179 2541 1283 2637 apice
1307 2541 1479 2614 abscisso.

449 2665 644 2762 Superiora
671 2665 710 2736 in
735 2664 927 2762 superficie
949 2665 1265 2762 cephalothoraeis
1296 2662 1371 2736 duo
1406 2667 1526 2761 magni
1562 2665 1621 2738 siti
1649 2679 1734 2739 sunt
1764 2665 1865 2740 oculi
1898 2664 1957 2756 (el.
1990 2662 2143 2739 Tanll.

349 2786 435 2882 Fig.
449 2785 497 2857 X.
514 2783 583 2877 0.),
606 2807 676 2856 nec
687 2785 817 2882 procul
828 2797 913 2884 post
932 2783 1001 2858 bos
1021 2785 1220 2858 eminentia
1236 2785 1417 2883 quaedam
1440 2788 1546 2879 (ibid.
1557 2787 1627 2884 P.),
1652 2811 1764 2887 quam
1778 2790 1924 2864 cordum
1938 2788 2140 2887 simplicem

351 2932 428 2980 esse
449 2907 839 3005 putaritScbaeler,
858 2906 1051 3006 superficie
1076 2907 1199 2984 albida
1223 2921 1262 2984 et
1285 2910 1436 2983 maculis
1457 2925 1615 3010 quatuor
1639 2912 1758 2987 meris
1781 2913 1822 2986 in
1845 2912 1961 2987 enscis
1984 2910 2138 2985 lor-mam

351 3030 565 3130 compositis
593 3043 720 3104 notata
742 3031 977 3130 conspicitur.

451 3154 548 3228 Parti
575 3152 708 3228 dorsali
736 3147 1052 3252 oepbalotboracis
1074 3151 1221 3227 affixum
1247 3167 1301 3228 est
1325 3151 1415 3228 illud
1441 3181 1625 3255 organon,
1657 3157 1762 3257 quod
1793 3162 1899 3258 vulgo
1930 3163 2140 3238 nominatur

350 3293 504 3365 sentum,
530 3301 656 3351 revera
681 3290 803 3350 autem
831 3277 925 3350 nibil
951 3276 1051 3350 aliud
1076 3292 1130 3349 est
1156 3279 1225 3350 nisi
1250 3279 1417 3352 animalis
1439 3279 1622 3356 bronchia
1648 3288 1825 3359 maximo.
1856 3286 1974 3383 Quod
1997 3300 2139 3360 scutum

353 3399 543 3471 loliaceum
571 3414 637 3492 est,
662 3399 968 3495 cephalotboracc
993 3401 1108 3472 multo
1130 3403 1248 3496 latius,
1274 3416 1311 3474 et
1336 3405 1531 3478 maximam
1553 3405 1763 3480 abdominis
1786 3423 1927 3506 partem
1954 3411 2142 3508 obtegens,

351 3534 475 3592 sutura
499 3520 574 3591 sire
597 3520 704 3592 crista
728 3518 900 3592 mediana
931 3519 1117 3594 eminente
1146 3521 1237 3594 duas
1269 3524 1310 3595 in
1334 3537 1454 3620 partes
1486 3527 1649 3600 laterales
1681 3528 1859 3625 divisum,
1887 3531 2004 3605 iorma
2035 3534 2142 3625 orali,

352 3643 578 3715 extremitate
600 3639 783 3740 profunde
811 3641 1053 3740 marginata,
1086 3644 1308 3742 marginibus
1341 3646 1546 3721 lateralibus
1578 3652 1714 3746 acutis,
1744 3654 1907 3750 margine
1938 3655 2142 3751 posteriore

354 3763 508 3860 spinulis
533 3763 720 3836 instructo.

452 3885 495 3954 Et
519 3897 661 3956 scutum
688 3895 726 3954 et
745 3895 843 3956 totus
866 3883 1152 3982 cepbalotborax
1173 3911 1247 3962 nna
1273 3915 1356 3964 cum
1383 3895 1547 3990 partibus
1572 3897 1646 3968 oris
1674 3896 1895 3995 obteguntur
1918 3911 2010 3971 testa
2024 3899 2142 3971 coria·-

355 4031 419 4078 cca
443 4005 556 4098 lusca,
580 4001 788 4078 rudimenta
813 4003 951 4102 pedum
972 4007 1244 4084 thoracieorum
1269 4017 1483 4090 membrana
1508 4020 1609 4090 tenui
1631 4019 1763 4092 albida.

456 4123 659 4204 Abdomen
684 4147 727 4197 ex
751 4125 897 4223 triginta
924 4141 1081 4224 quatuor
1106 4134 1248 4206 annulis
1273 4151 1434 4230 constat,
1467 4161 1626 4235 quorum
1660 4139 1832 4214 undecim
1852 4157 1996 4242 purtem
2022 4143 2143 4219 obdo-

205 4283 208 4290 ·
354 4255 465 4326 minis
500 4251 750 4331 anteriorem,
788 4249 898 4320 ceteri
929 4266 1074 4346 portem
1111 4251 1323 4331 ondominr's
1350 4264 1594 4355 posteriorem
1627 4277 1868 4360 componunt.
1929 4265 1982 4337 llli
2016 4289 2144 4339 omnes

351 4373 479 4445 eadem
505 4384 591 4445 sunt
615 4367 847 4466 longitudine
873 4385 910 4442 et
933 4371 1138 4468 latitudine,
1159 4374 1293 4450 borum
1320 4385 1540 4476 posteriores
1561 4386 1701 4482 quique
1730 4388 1971 4467 anterioribus
1995 4389 2144 4463 brevio-

350 4517 407 4564 res
428 4506 465 4564 et
485 4495 734 4590 caputium,
759 4491 977 4570 annulorum
1005 4495 1068 4590 qui
1093 4517 1115 4568 a
1140 4509 1243 4569 scuto
1269 4513 1451 4599 teguntur,
1476 4506 1690 4580 membrana
1706 4509 1876 4582 tenuiore
1892 4522 1929 4580 ct
1950 4508 2143 4602 lucidiore,

350 4615 415 4710 qui
443 4637 487 4686 ex
510 4638 555 4686 eo
581 4615 815 4713 prominent,
838 4624 931 4686 testa
956 4615 1121 4690 coriacea
1152 4615 1252 4692 lusca
1283 4629 1402 4701 restiti
1433 4653 1475 4702 ac
1507 4631 1658 4729 spinulis
1691 4633 1800 4704 obsiti
1834 4646 1929 4707 suot.
1981 4634 2143 4706 bonulus

351 4737 517 4830 ultimus,
544 4736 793 4834 magnitudine
813 4737 1055 4834 penultimum
1078 4738 1191 4838 duplo
1217 4769 1404 4846 superans,
1425 4749 1541 4823 lorma
1566 4750 1736 4848 depressa
1761 4756 1798 4824 el
1817 4751 1891 4826 iere
1907 4751 2143 4853 quadrangu-

352 4859 430 4952 lari,
456 4855 722 4956 appendicibus
746 4857 803 4932 rel
824 4857 909 4932 setis
934 4860 1145 4936 caudalibus
1170 4863 1311 4942 duabus
1337 4870 1489 4970 longis
1479 4887 1673 4946 instructus
1696 4886 1759 4946 est.
1811 4870 1952 4946 Cuius'
1944 4900 1983 4947 rn
2007 4873 2141 4950 domali

347 4995 449 5078 parto
476 4978 696 5054 eminentiae
716 4978 811 5055 dnae
835 4982 1029 5080 obliquae,
1062 4987 1215 5083 spinulis
1239 5001 1399 5087 quatuor
1422 4993 1685 5091 circumdatae,
1719 4995 2014 5143 conspiciuntur,
2046 5023 2141 5097 quae

345 5115 465 5200 partes
487 5103 660 5202 genitales
685 5101 805 5178 viriles
826 5115 990 5180 externas
1011 5107 1247 5184 concludunt.
