4786 6002
349 849 606 940 ,northeim
623 852 671 944 *),
696 851 823 926 Luud
847 863 886 922 et
908 849 1098 930 Sabutus
1112 853 1162 938 ”l
1188 851 1339 938 iteratae
1357 847 1608 945 naucularum,
1631 842 1979 942 quaesusumus
2001 856 2038 918 et
2061 865 2143 926 aare

352 971 525 1068 plilicurit
551 973 594 1071 cl.
610 974 862 1068 Krobnml,
889 976 943 1046 rix
969 975 1015 1046 de
1041 977 1191 1048 veritate
1217 973 1370 1045 dubium
1398 969 1739 1068 retinaculim-ttae
1765 969 2011 1069 saltemdpao',
2033 969 2141 1066 quod

353 1094 421 1190 ipsi
437 1095 538 1166 mibi
567 1096 831 1170 accuratiorurn
867 1097 918 1172 de
947 1098 1017 1172 bac
1040 1125 1089 1172 re
1123 1095 1419 1175 observationum
1442 1093 1704 1170 faciendarum,
1729 1091 2031 1171 lenesmontem
2063 1093 2143 1186 suit,

344 1240 432 1291 earn
456 1218 577 1290 cordis
603 1231 639 1289 et
663 1241 830 1296 rasurum
851 1233 1092 1315 structuram,
1118 1239 1229 1319 quam
1255 1219 1446 1316 descripsit
1468 1219 1643 1311 Krobn,
1670 1216 1962 1312 contemplemur
1985 1227 2023 1288 'et
2037 1217 2141 1290 mul-

219 1333 224 1342 ’
352 1349 405 1408 tas
430 1360 471 1408 sc
498 1354 705 1414 memoratu
731 1341 958 1438 dignissimas
982 1343 1240 1418 similitudines
1263 1340 1418 1443 Apodis
1449 1356 1486 1416 ct
1511 1340 1752 1441 Decapedum
1771 1338 2059 1419 constructionis
2080 1361 2140 1412 re-

347 1481 542 1552 portemus.
1914 1479 1917 1487 ‘
2118 1481 2126 1492 “

449 1581 612 1656 Primum
640 1585 678 1656 in
703 1583 968 1686 Decapodibus
992 1601 1034 1660 ut
1058 1589 1096 1660 in
1121 1587 1252 1688 Apodc
1284 1615 1351 1664 cnr
1371 1590 1602 1688 sanguinem.
1621 1597 1688 1683 pel
1720 1588 1846 1658 rimas·
1864 1586 2138 1681 srecsptacuto

348 1703 513 1800 quodam
539 1729 577 1780 sc
603 1709 855 1784 circumdante
877 1723 915 1784 et
939 1713 1150 1789 animalium
1173 1715 1408 1810 superiorum
1428 1713 1559 1784 atrium
1586 1711 1767 1785 referente
1790 1707 1950 1804 excutit,
1974 1707 2038 1781 aed
2064 1709 2139 1782 boc

206 1854 209 1862 ·
347 1829 617 1922 receptaculum
645 1831 682 1902 in
709 1831 777 1905 illis
799 1833 1016 1908 amoturum
1053 1861 1097 1908 eo
1124 1837 1379 1934 perfectiorem
1406 1835 1577 1932 praebet,
1608 1831 1712 1930 quod
1737 1831 1880 1906 duabus
1903 1831 2139 1924 membranis,

347 1949 458 2024 altera
484 1952 587 2024 cordi
615 1956 803 2050 supposita
831 1958 943 2030 altera
969 1959 1141 2054 impositu
1173 1958 1355 2052 efficitur,
1389 1981 1506 2054 quum
1537 1958 1577 2030 in
1602 1940 1731 2052 Apode
1761 1955 1835 2026 boe
1868 1953 2136 2050 receptaculum

345 2097 428 2169 pars
451 2073 565 2148 modo
594 2077 755 2148 caritatis
779 2078 1023 2154 abdominalis
1056 2083 1122 2169 sit,
1153 2107 1174 2154 a
1199 2083 1340 2179 reliqua
1373 2093 1474 2178 plaste
1506 2061 1721 2154 membrana
1751 2076 1910 2176 quadarn
1944 2076 2135 2150 disiuncta.

250 2267 254 2274 ,
342 2193 434 2266 Tum
460 2196 499 2268 in
528 2197 786 2294 Decapodibus
810 2213 851 2272 ut
875 2202 914 2272 in
939 2201 1069 2298 Apode
1093 2206 1237 2302 sanguis
1261 2204 1486 2278 ebrancbiis
1506 2201 1610 2276 cordi
1628 2202 1776 2276 affertur
1800 2223 1867 2296 per
1890 2199 2045 2292 canales,
2071 2200 2135 2296 qui

346 2337 368 2387 a
395 2317 523 2390 ceteris
549 2319 641 2391 vasis
667 2333 703 2392 et
726 2317 918 2393 latitudine
945 2335 982 2394 et
1006 2335 1183 2400 structura
1212 2325 1386 2400 differunt
1410 2340 1523 2425 atquc
1552 2327 1631 2423 ipsa
1654 2324 1872 2421 receptaculi
1897 2323 2000 2396 illius'
2017 2347 2135 2396 mens-

343 2439 459 2514 brana
486 2457 770 2540 componuntur.
822 2445 871 2518 Ea
897 2448 1141 2523 ameminor
1172 2447 1248 2524 duo
1271 2452 1442 2526 animalia
1477 2473 1620 2524 summa
1645 2441 1903 2522 dissimilitudo
1928 2467 2006 2518 esse
2031 2443 2135 2520 vide-

331 2575 415 2657 -tur,
442 2563 546 2662 qued
571 2567 611 2644 in
635 2567 731 2661 iltis,
742 2593 857 2665 quum
883 2593 951 2648 eor
966 2570 1105 2644 nullum
1124 2573 1351 2668 sangtrinem,
1376 2573 1445 2648 nisi
1471 2573 1687 2648 suetorum
1714 2566 1942 2644 ebranohiis
1966 2569 2135 2667 excipiat,

343 2686 384 2763 bi
410 2690 554 2762 canales
578 2689 617 2762 in
642 2692 910 2787 receptaculum
936 2705 1137 2787 transeunt,
1158 2695 1200 2768 in
1224 2693 1354 2792 Apode
1379 2709 1518 2790 centra,
1543 2717 1661 2793 quum
1685 2705 1831 2790 praeter
1847 2691 2059 2788 mug'uinern
2076 2715 2135 2766 ar-

342 2810 518 2882 teriosmn
544 2813 635 2886 alius
659 2835 813 2911 quoque
835 2816 979 2911 sanguis
1003 2840 1047 2888 ex
1072 2816 1284 2897 abdominis
1313 2820 1471 2892 caritate.
1496 2818 1666 2903 interiore
1692 2815 1795 2890 cordi
1818 2813 1962 2908 etuias,
1996 2815 2046 2888 illi
2072 2841 2133 2890 cu-

344 2931 467 3026 nales,
502 2957 598 3030 quos
627 2959 736 3036 supra
761 2960 870 3010 renas
893 2939 1121 3014 branchisies
1146 2939 1443 3035 nominavimus,
1473 2941 1593 3040 ipsum
1627 2940 1669 3017 in
1693 2961 1759 3012 eur
1779 2945 1928 3011 exeunti
1976 2937 2067 3012 aaa
2094 2939 2133 3010 in

341 3051 605 3150 Decapodibus
629 3067 785 3154 systema
816 3059 1028 3132 arteriarum
1060 3085 1082 3134 n
1113 3077 1286 3136 sensuam
1319 3075 1513 3161 systemate
1538 3063 1707 3136 omnino
1734 3059 1957 3137 maneum
1993 3074 2063 3156 cot,
2092 3075 2133 3152 et

341 3178 486 3274 sanguis
509 3180 707 3270 arteriosus
732 3182 892 3278 propriis
916 3182 1008 3258 rasis
1029 3195 1150 3258 tntum
1176 3207 1397 3286 percorpus
1422 3183 1663 3278 distribuitur,
1688 3197 1817 3258 contra
1840 3185 1881 3257 in
1906 3183 2036 3282 tpode
2055 3183 2131 3257 dun

342 3315 535 3398 systemata
553 3305 632 3378 iam
656 3306 753 3378 inter
777 3329 817 3380 se
841 3305 992 3384 malms
1016 3309 1398 3386 sunt·,et·-arssrtarum
1419 3309 1538 3402 nillil,
1570 3309 1660 3402 nisi,
1682 3322 1723 3382 ut
1742 3307 1976 3402 issandicam,
2001 3308 2132 3380 bulbum

344 3423 496 3518 quidam
523 3427 675 3509 arteriae
700 3428 755 3496 rel
789 3452 853 3500 eor
878 3429 1029 3526 alterum
1056 3431 1271 3535 arteriasum
1306 3432 1471 3509 relictum
1506 3447 1571 3505 cst.
1611 3473 1649 3486 -
1677 3431 1844 3507 Ceterum
1876 3455 2048 3506 venarum
2072 3457 2132 3528 sy-

342 3558 456 3618 stema
481 3547 522 3618 in
549 3547 805 3646 Decapodibus
830 3551 931 3621 utin
956 3545 1085 3644 Apode
1106 3530 1199 3623 rasis
1224 3551 1466 3650 peculiaribus
1492 3569 1609 3650 caret,
1641 3532 1824 3646 namuco
1849 3537 1929 3624 illae
1951 3535 2132 3645 cavitates,

343 3693 439 3766 quae
465 3669 511 3741 ab
538 3669 587 3741 ΙΙΙ.
615 3670 666 3742 lll.
693 3671 908 3744 dardouin
935 3687 971 3744 et
995 3673 1131 3778 Miluo
1156 3671 1374 3748 Edwards
1398 3673 1561 3748 detectae
1588 3691 1624 3748 et
1649 3667 1748 3748 sinus
1768 3674 1896 3748 venosi
1922 3675 2130 3746 nominatae

342 3805 438 3888 sunt,
465 3819 534 3867 nec
558 3797 699 3868 canales
725 3821 770 3870 ex
794 3795 838 3869 iis
863 3795 1156 3896 proficiscentes,
1193 3795 1256 3896 qui
1289 3799 1335 3870 nb
1371 3795 1439 3868 illis
1463 3797 1700 3894 scriptoribus
1733 3819 1848 3870 senae
1883 3796 2132 3886 nominantur,

342 3941 426 3989 vasa
451 3919 647 4016 peculiaria
668 3919 797 3992 haberi
822 3933 993 4019 possunt,
1029 3947 1167 4020 quum,
1203 3933 1243 3992 ut
1271 3914 1340 4018 ipsi
1372 3919 1424 3990 illi
1449 3919 1645 4016 scriptores
1677 3917 1826 4012 dicunt,
1860 3919 1932 3990 tela
1962 3918 2132 3989 cellulosa

341 4041 457 4114 modo
483 4042 699 4138 vestiantur,
731 4068 826 4140 quae
857 4045 1021 4142 partibus
1054 4045 1231 4144 proximis
1263 4039 1463 4115 arctissime
1497 4039 1641 4111 adiacet
1673 4055 1709 4112 et
1737 4054 1837 4113 tanta
1871 4031 2062 4112 teneritate
2089 4063 2131 4130 ac

342 4165 575 4238 mollitudine
601 4178 677 4262 est,
710 4180 751 4240 ut
772 4167 897 4238 massis
921 4163 1063 4238 iniectis
1084 4187 1230 4264 semper
1253 4163 1328 4240 lere
1352 4177 1621 4264 perrumpatur,
1647 4161 1763 4263 iisque
1787 4163 1835 4238 ad
1861 4159 2044 4238 miraculos
2063 4159 2130 4235 nd·

338 4361 596 4382 -μ--ι-ο

403 4506 439 4578 s)
462 4506 710 4572 Considerations
728 4507 892 4590 generales
910 4525 964 4572 sur
983 4508 1159 4572 l'anstomia
1176 4504 1338 4586 comperte
1360 4501 1418 4566 des
1439 4503 1580 4566 mimum
1601 4502 1753 4598 articulis.
1784 4503 1877 4566 Paris.
1903 4501 1993 4564 1828.
2013 4517 2042 4581 p.
2055 4497 2127 4562 346.
2246 4553 2252 4560 .

383 4613 442 4691 **)
465 4612 575 4676 Laud
603 4615 726 4678 chilel
756 4617 1043 4681 merueramus
1072 4617 1158 4682 sines
1181 4611 1506 4692 eircuattoussystems
1543 4609 1593 4674 bei
1627 4609 1685 4674 don
1715 4610 1910 4674 Crustnceon.
1945 4607 2011 4672 isis.
2038 4605 2129 4670 1825.

464 4731 495 4797 p.
509 4713 580 4778 594.

432 4816 438 4828 ’
540 4821 671 4886 Eiusd.
694 4825 902 4910 Fortgesctato
920 4827 1195 4911 Untcrsuclsungcn
1216 4825 1292 4891 tiber
1314 4825 1371 4896 das
1393 4829 1615 4914 Gelasssystem
1638 4825 1693 4891 der
1714 4825 1907 4891 Crustsmcn.
1938 4823 2003 4890 lsis.
2037 4821 2127 4886 teta.

483 4927 597 4993 ‚reae
1246 4934 1279 4964 '·
1474 4951 1477 4960 ¹
1652 4949 1656 4956 ’

462 4945 479 5012 p
537 5037 646 5101 Latud
669 5045 699 5102 et
718 5041 889 5108 Sabutus
909 5043 1116 5128 Fortgesetzte
1138 5041 1420 5126 Untersutbnupen
1442 5037 1623 5106 tutatast.
1646 5037 1675 5123 p'.
1689 5038 1780 5102 tata.

377 5169 453 5250 m)
474 5167 574 5236 lluber
594 5171 649 5237 das
672 5169 891 5258 Getisssystem
914 5173 969 5240 des
991 5175 1214 5244 Flmstrabtes.
1235 5173 1303 5240 luis.
1326 5173 1416 5242 183⁴.
1437 5189 1469 5259 p.
1479 5173 1553 5238 518.
