4786 6002
1065 659 1314 740 ...52-

293 865 395 930 setae
417 847 592 926 modales
618 849 722 936 (ibid.
740 851 807 937 K.)
835 864 875 922 ut
900 849 974 924 duo
1001 877 1191 950 processus
1217 857 1319 952 parri
1336 855 1518 954 eminent3
1548 861 1680 934 certius
1704 861 1828 938 annuli
1855 857 2007 960 quidam
2027 861 2095 936 ab·

175 959 182 972 ¹
291 969 454 1048 dominis
480 973 652 1074 distingui
679 978 843 1071 possunt.
895 974 1114 1052 Intestinum
1141 981 1272 1052 melius
1296 982 1520 1077 conspicitur
1542 983 1746 1058 etomnino
1767 985 1919 1081 simplex
1946 997 2011 1078 est,
2032 1009 2090 1058 ex·

289 1097 454 1170 uomitus
480 1098 557 1171 eius
582 1099 757 1191 anterior,
780 1099 896 1172 multo
922 1098 1073 1196 quidem
1099 1103 1209 1176 latior
1231 1101 1299 1176 sed
1327 1127 1347 1174 a
1370 1115 1474 1200 parte
1497 1106 1701 1201 posteriore
1726 1107 1825 1180 nulla
1851 1107 2009 1204 incisurp
2034 1129 2093 1180 se·

230 1291 233 1296 ,
292 1221 428 1314 iunctm
453 1223 703 1294 contristatum
730 1219 838 1292 refert
865 1219 966 1301 (ibid.
981 1222 1026 1292 V
1025 1229 1061 1317 .)‚
1087 1225 1190 1312 carius
1215 1225 1254 1297 in
1282 1207 1445 1324 margine
1471 1229 1655 1300 anteriore
1679 1228 1756 1305 duo
1784 1254 1975 1326 processus
2000 1254 2091 1302 con-

291 1344 497 1456 spiciuntur
530 1341 631 1428 libid.
659 1343 728 1436 sa),
767 1344 832 1439 qui
866 1343 1073 1440 primordia
1105 1361 1191 1420 sunt
1221 1350 1403 1420 maiorum
1437 1350 1626 1424 ventriculi
1658 1352 1905 1450 appendicum
1936 1353 2092 1451 glandu-

291 1469 465 1542 lossrurn.
508 1525 510 1530 ,
1977 1569 1980 1576 .

391 1599 423 1674 l.
447 1587 508 1662 44.
560 1592 619 1664 Bis
644 1590 807 1688 denique
833 1605 915 1664 cute
937 1589 1116 1689 deposita,
1144 1591 1204 1664 die
1231 1591 1393 1688 secundo
1420 1594 1513 1694 (Fig.
1526 1594 1570 1668 V
1569 1597 1606 1688 .),
1633 1595 1670 1668 in
1697 1620 1853 1693 corpore
1880 1595 1951 1668 iam
1974 1621 2091 1692 paene

288 1711 479 1809 pellucido
505 1713 719 1797 intestinum
741 1713 865 1784 colore
890 1705 1117 1786 lusco-uiridi
1144 1729 1314 1810 praestat,
1340 1717 1550 1790 abdominis
1575 1733 1695 1792 autem
1724 1720 1762 1792 in
1789 1731 1891 1816 parte
1906 1721 2088 1792 anteriore

293 1848 377 1908 octo
400 1836 456 1908 val
481 1833 609 1910 decern
637 1835 760 1906 annuli
786 1833 890 1919 libid.
914 1839 957 1921 e.)
990 1835 1097 1930 plane
1122 1838 1416 1934 conspiciuntur,
1451 1839 1515 1934 qui
1547 1841 1681 1912 sensim
1720 1841 1758 1912 in
1780 1839 1896 1940 pedes
1919 1838 2091 1913 abdomi-

285 1957 396 2064 quies
429 1959 639 2052 solvuntur,
673 1973 709 2030 et
743 1959 988 2055 spectaculum
1025 1959 1313 2054 pulcherrimum
1348 1961 1543 2056 spectatori
1577 1963 1766 2058 praebent
1833 1961 1923 2038 Nam
1955 1961 2090 2036 sensim

293 2083 418 2156 annuli
439 2083 570 2180 singuli
596 2083 754 2154 interae
779 2082 917 2178 seiungi
945 2096 1164 2177 coeperunt,
1190 2097 1227 2156 et
1253 2085 1362 2180 primi
1386 2083 1538 2182 quidem
1565 2111 1692 2159 eorum
1721 2086 1900 2184 margines
1928 2085 2091 2156 laterales

293 2207 400 2279 soluti
419 2207 583 2278 foliolum
611 2205 715 2302 pedis
740 2219 940 2278 extremum
969 2202 1144 2296 efficiunt,
1169 2218 1246 2276 tum
1274 2219 1395 2276 autem
1421 2207 1602 2304 margines
1625 2231 1777 2304 quoque
1798 2207 1989 2280 inferiores
2004 2231 2090 2278 sen·
2205 2287 2206 2292 η

194 2308 201 2322 ’
293 2331 361 2401 sim
389 2329 621 2420 evolvuntur,
648 2341 684 2398 et
709 2326 924 2400 dividuntur
946 2328 983 2398 in
1011 2327 1177 2424 quinque
1204 2328 1347 2422 foliola,
1382 2353 1478 2425 quae
1504 2329 1724 2426 simulatque
1749 2330 1864 2404 libere
1889 2343 1973 2402 sunt
1998 2353 2088 2400 evo·

293 2453 379 2546 luta,
405 2467 546 2524 motum
575 2453 675 2524 illum
702 2465 919 2524 trementem
944 2465 980 2522 et
1007 2451 1225 2544 micantem,
1257 2451 1412 2547 pedibus
1436 2449 1732 2540 abdominalibus
1754 2454 1968 2552 proprium,
1996 2455 2088 2526 inci-

292 2575 408 2670 piunt.
460 2575 567 2650 &tae
590 2574 765 2648 crudoles
800 2577 871 2646 iam
906 2577 1021 2646 multo
1058 2574 1240 2670 longiores
1272 2589 1357 2646 sunt
1388 2587 1425 2650 et
1456 2575 1688 2650 uentriculus
1721 2574 1823 2660 (ibid.
1850 2575 1913 2662 V.)
1949 2563 2089 2647 maiore
2143 2650 2150 2664 ,
2196 2652 2207 2667 ‚

293 2697 485 2770 latitudine
507 2700 553 2771 ab
581 2700 753 2771 intestino
782 2699 895 2795 uragis
916 2699 1112 2792 seiunctus,
1138 2700 1209 2770 iam
1228 2696 1321 2769 diros
1347 2697 1651 2793 processuslibid.
1670 2704 1720 2782 aa.)
1747 2723 1789 2770 ex
1815 2712 1969 2794 utraque
1986 2713 2089 2794 parte

295 2822 390 2894 oculi
418 2821 591 2915 ostendit,
614 2825 825 2896 intestinum
851 2837 990 2895 rectum
1017 2833 1138 2892 sutem
1173 2819 1275 2907 (ibid.
1301 2819 1361 2904 Ii.)
1394 2835 1571 2893 structura
1601 2823 1791 2894 musculari
1820 2836 1856 2892 et
1881 2822 2004 2892 colore
2032 2823 2090 2892 ui·

294 2943 373 3016 tido
400 2959 570 3042 praestate
623 2946 763 3022 Oculus
801 2944 980 3018 rotundus
1013 2959 1050 3018 et
1082 2946 1183 3044 niger
1212 2945 1356 3018 sacculo
1394 2943 1556 3042 quodem
1597 2941 1878 3017 membranaceo
1914 2947 2015 3032 (ibid.
2038 2953 2089 3036 o.)

238 3078 244 3087 '
295 3067 512 3143 circumdari
538 3069 692 3143 ridetur.
1073 3079 1076 3088 ’
1143 3087 1150 3096 ’

387 3199 422 3282 §-
449 3187 510 3265 45.
563 3193 702 3266 Pedum
729 3171 999 3268 tlioraoicorum
1035 3208 1073 3266 et
1106 3193 1178 3267 oris
1212 3185 1369 3292 partium
1401 3203 1578 3264 structura
1609 3189 1668 3261 his
1699 3189 1737 3261 in
1767 3189 1984 3264 iuvenilibus
2010 3195 2090 3266 ani-

291 3311 455 3388 malculis
479 3316 572 3388 haec
598 3331 661 3388 cst.
725 3316 813 3392 Duo
835 3322 951 3417 peric·
968 3313 1107 3415 pedum
1133 3319 1405 3390 nasosoriorum
1429 3313 1494 3386 uel
1515 3314 1789 3386 eberneicortem
1824 3327 1908 3386 ante
1942 3317 2098 3390 mande*

294 3438 398 3510 bulas
421 3463 568 3538 magnas
593 3440 632 3512 in
646 3441 842 3536 ,anteriore
866 3455 968 3538 parte
995 3440 1326 3538 cephalothoracis,
1348 3460 1443 3534 quac
1460 3434 1534 3506 hoc
1556 3435 1775 3506 evolutionis
1789 3437 1956 3532 temporie
1973 3442 2090 3524 multo

289 3557 413 3635 mitior
439 3561 596 3640 necdum
631 3567 882 3662 apostoriore
915 3577 1018 3662 parte
1046 3577 1121 3636 tam
1150 3562 1320 3635 distincte
1349 3559 1510 3632 seiuncta
1543 3580 1619 3628 esse
1643 3555 1806 3650 ridetur,
1841 3561 1959 3653 posita
1992 3578 2087 3637 sunt.

287 3683 461 3767 Minores
473 3686 593 3788 pedes
619 3689 691 3760 iam
718 3713 827 3797 supra
852 3688 1024 3786 descripti
1049 3700 1144 3759 suot.
1209 3684 1377 3758 Maiores
1411 3695 1447 3752 et
1472 3679 1692 3778 posteriores
1725 3678 1820 3780 (Fig.
1839 3679 1881 3750 V
1882 3681 1942 3769 II.)
1974 3687 2089 3758 tribus

291 3809 453 3884 articulis
476 3810 673 3908 compositi
708 3826 812 3907 sunt,
845 3836 1004 3908 quorum
1036 3811 1177 3908 primus
1211 3805 1312 3892 (ibid.
1344 3810 1389 3890 1.)
1427 3802 1591 3892 omnium
1619 3799 1852 3873 brevissimus
1879 3808 2085 3878 membrum
2207 3849 2222 3875 .

184 3984 193 4000 .
239 3980 245 3990 -
291 3933 443 4029 loegum
464 3945 500 4019 et
524 3929 629 4009 raldo
655 3935 794 4007 mobile
820 3932 922 4018 (ibid.
946 3943 992 4020 α.)
1013 3933 1100 4026 ¹lert,
1127 3931 1228 4002 cuius
1254 3928 1347 4025 apici
1375 3949 1564 4022 processus
1590 3921 1741 4022 quidam
1768 3925 1956 4022 hamulus,
1982 3933 2087 4028 spina

290 4054 428 4141 laterali
456 4056 664 4151 instructus,
687 4058 938 4130 articulatioue
962 4056 1153 4129 adiunctus
1179 4067 1249 4148 est3
1284 4047 1464 4122 secundus
1487 4043 1589 4134 libid.
1615 4051 1683 4144 2.),
1715 4051 1835 4146 primo
1863 4049 1976 4148 duplo
2004 4055 2087 4124 lon-

287 4178 394 4276 gior,
424 4177 534 4250 simili
567 4177 771 4276 appendice
805 4181 921 4253 tribus
946 4179 1031 4252 setis
1054 4177 1242 4250 natatoriis
1267 4183 1442 4246 coronata
1468 4167 1571 4255 libid.
1596 4167 1641 4255 b.)
1669 4171 1862 4244 instructus
1889 4187 1951 4246 est.
1999 4175 2088 4247 'ler-

293 4301 348 4374 tio
373 4298 537 4397 denique
563 4298 715 4380 aruculo
744 4301 847 4392 (ibid.
874 4307 921 4390 3.)
956 4302 1005 4377 ad
1030 4303 1172 4399 apicem
1197 4322 1321 4372 versus
1346 4306 1532 4366 attenuato
1560 4293 1727 4391 quinque
1752 4308 1849 4366 setae
1875 4296 2004 4395 longae
2030 4301 2088 4370 in-

187 4427 197 4439 '
267 4423 378 4503 'sitae
403 4437 498 4496 sunt.
549 4423 593 4496 Hi
619 4425 759 4501 articuli
786 4419 1099 4498 articulationibus
1126 4424 1175 4494 ita
1202 4423 1296 4492 inter
1321 4443 1359 4492 se
1385 4417 1571 4491 coniuncti
1598 4428 1700 4510 sunt,
1724 4430 1764 4488 ut
1788 4418 1928 4514 primus
1954 4434 1989 4492 et
2013 4435 2087 4494 ter-
2190 4485 2195 4494 .

287 4545 360 4619 uus
382 4546 529 4631 nonnisi
556 4547 595 4618 in
620 4549 835 4644 posteriora,
860 4546 1042 4622 secundus
1068 4547 1106 4618 in
1131 4527 1314 4616 anteriora
1334 4553 1477 4614 tantum
1503 4539 1600 4612 lleeti
1625 4539 1788 4636 possint,
1816 4565 1929 4638 quare
1956 4541 2018 4638 fit,
2045 4562 2085 4618 ut

173 4734 178 4743 .
288 4664 328 4740 lsi
353 4665 469 4764 podes
491 4681 610 4740 totum
636 4692 703 4766 par
728 4671 852 4742 circuli
879 4669 1327 4744 dimidiummoveantur.
1389 4663 1532 4736 Animal
1565 4674 1686 4734 autem
1720 4663 1764 4734 iis
1790 4687 1865 4735 non
1890 4665 2007 4740 solum
2036 4669 2083 4742 ad

287 4790 506 4886 nuendum,
531 4792 597 4864 sed
624 4794 733 4866 etiam
761 4794 808 4867 ad
833 4793 1048 4867 attrahenda
1073 4795 1245 4866 alimenta
1267 4791 1393 4882 utitur,
1419 4799 1456 4858 et
1481 4786 1530 4857 illi
1550 4783 1701 4883 quidem
1716 4810 1906 4882 processus
1932 4791 2082 4886 hamati,

212 4906 221 4919 ⁸
291 4919 331 4989 in
352 4916 477 5013 primo
501 4917 656 4988 articulo
683 4918 807 5012 positi,
833 4917 1015 5016 imprimis
1043 4917 1130 4990 huic
1146 4916 1206 5017 ,rei
1235 4913 1448 5006 inserviunt,
1473 4932 1558 4981 nam
1586 4909 1732 5008 quoties
1757 4909 1871 5006 pedes
1896 4913 1934 4982 iu
1958 4928 2084 5011 poste-

288 5039 386 5113 riora
412 5053 624 5134 moventur,
656 5041 765 5138 toties
790 5043 983 5116 amborum
1017 5039 1154 5137 pedum
1189 5060 1377 5135 processus
1408 5046 1493 5131 post
1524 5029 1755 5104 mandibulas
1782 5035 2011 5108 conveniunt.
2040 5082 2084 5092 —-

292 5156 387 5240 Oris
410 5179 544 5266 partos
575 5164 670 5266 lFig.
701 5159 746 5239 V
743 5164 789 5252 I.)
827 5167 871 5239 iis
903 5179 985 5240 sunt
1019 5165 1172 5258 similes,
1216 5185 1311 5258 quae
1345 5157 1476 5233 adultis
1510 5158 1549 5229 in
1584 5155 1801 5232 animalibus
1841 5162 2083 5256 reperiuntur.

1709 5277 1733 5348 8
