4748 6000
369 859 424 932 ris
448 857 621 934 brevibus
646 857 742 930 inter
764 879 802 929 se
823 855 1107 951 coniunguntur,
1128 850 1278 924 tandem
1301 853 1359 924 bis
1379 873 1534 951 quoquae
1555 853 1675 926 nervis
1691 851 1958 946 deficientibus,
1987 845 2161 927 continua

262 1009 268 1016 ·
372 983 610 1077 componitur
634 1001 746 1052 massa
783 955 933 1070 norrea,
960 978 1001 1047 in
1026 999 1099 1074 qua
1123 975 1261 1078 singula
1286 973 1428 1070 ganglia
1459 972 1608 1044 nonnisi
1634 971 1984 1070 emarginaticnibus
2004 973 2162 1048 laterali-

366 1104 441 1176 bus
464 1099 633 1174 distincta
657 1115 752 1174 sunt.
804 1101 843 1172 ln
870 1097 1198 1196 eorporis-annulo
1219 1097 1294 1169 lere
1317 1095 1489 1167 vicesimo
1504 1109 1646 1190 semro,
1670 1119 1744 1168 una
1768 1119 1852 1168 cum
1873 1094 2030 1191 pedibus
2053 1099 2164 1170 series

371 1227 604 1322 gangliorum.
624 1223 769 1296 desinit
821 1225 944 1294 Partes
975 1235 1098 1294 autem
1133 1221 1172 1292 in
1204 1218 1369 1315 corporis
1402 1217 1626 1290 extremitate
1657 1217 1747 1289 sitae
1779 1215 1932 1314 proprio
1963 1241 2160 1292 nervorum

375 1360 567 1443 systemate
590 1347 785 1418 instructae
810 1359 905 1417 sunt.

480 1467 630 1565 Ganglia
652 1466 900 1540 abdominalia
922 1468 962 1540 in
987 1467 1066 1564 ipsa
1087 1479 1244 1554 externa
1277 1461 1487 1536 abdominis
1520 1477 1603 1536 cute
1634 1464 1703 1536 sita
1736 1476 1821 1536 sunt
1851 1477 1942 1541 eta
1975 1465 2165 1560 superiore

374 1603 477 1686 parte
498 1589 670 1662 musculis
693 1589 1017 1686 longitudinalibus
1041 1589 1262 1660 neutralibus
1287 1589 1482 1660 maximam
1508 1601 1650 1684 partem
1677 1587 1823 1660 obtecta
1841 1597 1937 1659 sunt.
1967 1583 2165 1680 Teudines,

377 1715 513 1808 quibus
537 1714 577 1784 hi
604 1712 755 1784 musculi
785 1713 879 1785 iuter
911 1713 999 1785 bina
1028 1725 1141 1784 testae
1163 1724 1350 1808 segmenta
1382 1708 1478 1783 affixi
1510 1723 1613 1804 saint,
1644 1689 1784 1814 ganglia
1816 1731 1950 1780 nereca
1972 1703 2165 1780 affirmem.

377 1835 476 1906 Inter
500 1835 587 1906 bina
611 1832 712 1906 enim
736 1847 921 1932 segmenta
946 1829 1173 1908 filamentum
1203 1834 1441 1906 tendinosum
1467 1833 1515 1906 ad
1539 1835 1674 1906 lineam
1700 1855 1821 1930 usquo
1842 1831 2052 1904 medianam
2077 1854 2167 1904 ren-

375 1958 444 2028 tris
464 1954 634 2054 procedit
667 1970 704 2029 et
723 1971 838 2028 testae
870 1956 1012 2029 medios
1046 1960 1141 2030 inter
1173 1960 1255 2030 illos
1279 1957 1373 2030 duos
1398 1981 1552 2051 nervos,
1586 1958 1651 2056 qui
1685 1957 1773 2028 bina
1805 1955 2031 2053 gangliomm
2065 1955 2167 2050 paria

381 2080 621 2178 coniungunt,
645 2077 793 2152 affixum
820 2094 883 2151 est.
934 2079 1060 2152 Simile
1083 2105 1236 2178 quoque
1252 2083 1488 2178 ligamentum
1514 2079 1752 2152 tendinosum
1775 2089 2016 2150 transmisum
2043 2077 2089 2149 ab
2115 2077 2169 2148 al·-

378 2213 458 2274 ter'c
484 2203 595 2274 latere
617 2199 666 2274 ad
690 2202 843 2274 alterum
866 2201 1138 2300 transgreditur.
1918 2179 1922 2184 .

478 2331 509 2404 §.
535 2328 596 2397 30.
643 2322 771 2398 Nervi
790 2327 992 2398 anterioris
1009 2327 1132 2423 partis
1155 2323 1378 2400 abdominis.
1406 2350 1456 2380 ·-‘
1475 2327 1614 2419 Quavis
1635 2351 1656 2398 e
1679 2324 1824 2424 ganglio
1847 2347 1981 2395 nerreo
2007 2325 2170 2398 anterio-

379 2447 428 2518 ris
453 2447 566 2542 partis
590 2445 800 2535 abdominis
824 2471 886 2519 sex
912 2450 1012 2520 nervi
1040 2449 1226 2542 oriuntur,
1253 2461 1412 2546 quatuor
1435 2465 1584 2522 externo
1610 2474 1630 2523 e
1655 2451 1838 2547 margine,
1870 2448 1934 2544 qui
1959 2447 2008 2522 ad
2030 2446 2168 2545 pedum

378 2570 564 2642 musculos
594 2569 799 2666 pertinent,
831 2568 906 2644 duo
944 2595 988 2643 ex
1020 2571 1213 2668 superficie
1248 2573 1459 2675 superiore,
1498 2576 1564 2671 qui
1593 2572 1640 2646 ad
1674 2571 1884 2648 abdominis
1919 2573 2117 2652 musculos,
2131 2594 2171 2643 sc

357 2676 581 2769 ⁸,confer-unt.
612 2716 615 2724 ·
858 2689 874 2706 “

478 2811 642 2884 Primum
669 2809 774 2908 quod
798 2811 845 2889 ad
871 2837 1001 2884 nervos
1026 2815 1272 2890 musculorum
1299 2799 1586 2892 abdominalium
1614 2820 1765 2913 attinet,
1791 2841 1921 2890 nervias
1943 2816 2106 2890 anterior
2132 2827 2171 2888 et

380 2936 533 3009 crassior
566 2935 662 3036 (Fig.
684 2934 716 3006 I.
746 2942 778 3006 1.
805 2941 840 3008 e.
866 2934 923 3020 Ρ.)
951 2959 970 3007 e
993 2935 1133 3010 duabus
1157 2939 1341 3013 radicibus
1367 2943 1494 3036 orittu,
1512 2965 1668 3039 quarum
1694 2942 1854 3014 anterior
1879 2950 1915 3012 et
1939 2937 2069 3011 lortior
2091 2961 2170 3012 non

379 3080 400 3128 e
424 3057 568 3154 ganglio
594 3057 702 3153 ipso,
723 3055 790 3130 sed
814 3082 857 3130 ex
884 3058 946 3129 illo
972 3083 1106 3154 nervo,
1138 3062 1203 3158 qui
1231 3064 1318 3134 bina
1341 3064 1483 3161 ganglia
1507 3063 1697 3161 utriusque
1719 3064 1840 3136 lateris
1863 3062 2073 3160 conirrngit,
2098 3086 2169 3157 po-

378 3182 510 3254 sterior
533 3193 656 3254 autem
681 3193 719 3253 et
742 3180 858 3252 multo
884 3182 1033 3254 tenuior
1056 3207 1078 3255 e
1101 3186 1233 3284 ganglii
1265 3186 1458 3283 superficie
1485 3211 1563 3260 non
1587 3187 1715 3284 procul
1749 3209 1772 3259 a
1796 3186 1959 3284 margine
1985 3186 2166 3256 anteriore

379 3306 510 3377 evenit.
561 3302 706 3395 Quibus
730 3303 872 3376 duabsu
896 3305 1081 3380 radicibus
1106 3333 1193 3382 mox
1226 3309 1431 3382 coniunctis
1459 3334 1598 3383 nervus*
1619 3310 1750 3407 planus
1782 3332 1825 3380 ac
1858 3307 1932 3380 lere
1966 3305 2168 3404 pellucidus

307 3421 311 3430 ’
379 3430 629 3526 componitur,
654 3429 719 3524 qui
743 3441 816 3501 tres
838 3429 1031 3502 interiores
1055 3431 1244 3505 fasciculos
1268 3434 1515 3505 musculorum
1533 3434 2013 3529 ventraliumtrsnsgressus,
2036 3441 2167 3526 quarto

381 3551 420 3620 in
446 3549 615 3620 fasciculo
642 3549 737 3648 (Fig.
762 3548 791 3622 I.
821 3557 853 3618 1.
880 3554 917 3620 2.
942 3547 1014 3638 D.)
1036 3552 1104 3624 sub
1130 3554 1313 3626 musculos
1338 3557 1502 3628 laterales
1528 3557 1703 3653 obliquos
1724 3553 1826 3640 (ibid
1852 3550 1918 3636 E.)
1948 3577 1986 3625 sc
2012 3553 2169 3624 abscon·

381 3669 447 3742 dit.
477 3670 564 3741 ·llie
587 3672 761 3768 utrinque
785 3673 926 3744 ramulo
951 3685 1064 3768 paruo
1091 3697 1133 3744 ae
1156 3675 1258 3747 tenui
1283 3679 1321 3750 in
1341 3693 1519 3775 quartum·
1532 3679 1779 3752 musculorum
1801 3675 2009 3750 fasciculum
2024 3673 2169 3767 emisso,

379 3808 528 3866 truncus
552 3795 654 3868 nervi
678 3793 809 3867 fortior
832 3809 870 3867 et
893 3795 1017 3867 colore
1042 3794 1202 3870 candido
1225 3802 1466 3896 praestantior
1492 3827 1512 3874 e
1539 3801 1709 3874 musculis
1735 3799 1895 3897 obliquis
1918 3795 2047 3894 prodit
2070 3793 2170 3868 etad

380 3919 563 3990 musculos
585 3916 867 4016 longitudinales
893 3918 992 3991 dorsi
1019 3945 1058 3992 se
1082 3922 1234 4018 conlert,
1258 3927 1296 3996 in
1322 3925 1457 4020 quibus
1482 3922 1529 3995 ad
1554 3924 1686 3995 lincam
1707 3945 1824 4018 usque
1842 3918 2051 3990 medianam
2069 3915 2170 3988 dorsi

380 4039 553 4112 ascendit.
583 4075 629 4090 -
654 4042 802 4112 Praeter
827 4042 926 4113 bunc
954 4067 1103 4115 nervum
1131 4067 1151 4114 e
1176 4046 1368 4142 superficie
1394 4046 1549 4118 cuiusvis
1573 4043 1704 4141 ganglii
1728 4065 1843 4138 prope
1869 4064 1889 4112 a
1913 4039 2075 4135 margine
2100 4063 2171 4133 po-

379 4163 531 4234 steriore
558 4187 687 4236 nervus
709 4163 941 4236 tenuissimus
966 4163 1067 4250 (ibid.
1097 4167 1153 4268 Q.)
1180 4169 1307 4263 oriam,
1333 4171 1398 4265 qui
1425 4167 1472 4241 ad
1498 4165 1685 4238 musculus
1703 4165 1883 4237 ventrales
1905 4187 1947 4234 se·
1969 4162 2109 4236 confert
2133 4173 2171 4232 et

380 4285 582 4381 marginem
609 4286 733 4356 annuli
762 4287 1004 4381 posteriorem
1029 4290 1206 4385 sequitur,
1232 4317 1345 4388 porro
1371 4305 1491 4366 autem
1520 4287 1723 4385 investigari
1749 4313 1823 4360 non
1850 4286 1983 4384 potuit.

480 4409 604 4480 Primo
631 4423 668 4480 et
689 4409 849 4482 secundo
881 4411 918 4482 in
942 4413 1079 4486 annulo
1107 4417 1272 4512 corporis
1297 4429 1450 4512 propter
1483 4414 1663 4498 diversum
1697 4410 1943 4482 musculorum
1969 4405 2170 4478 lateralium

380 4531 512 4623 situm,
544 4532 581 4601 bi
609 4533 708 4603 uerri
732 4532 836 4605 aliter
859 4557 897 4606 se
923 4534 1073 4608 habeut
1126 4540 1250 4612 Primo
1277 4537 1466 4634 e-ganglio
1491 4532 1718 4607 abdominali
1742 4553 1875 4602 nervus
1897 4527 2018 4600 tenuis
2043 4525 2172 4618 oritur,

382 4653 447 4750 qui
483 4651 578 4723 duos
600 4654 641 4724 iu
666 4655 825 4728 ramulos
860 4655 995 4732 divisus
1026 4661 1064 4732 iu
1098 4663 1269 4734 musculis
1301 4661 1522 4732 ventralibus
1556 4657 1728 4730 decurrit.
1786 4654 1921 4726 Nervus
1954 4650 2117 4724 anterior
2150 4671 2171 4718 e

379 4777 524 4874 ganglia
549 4778 709 4850 secundo
729 4793 834 4852 'ortru
860 4783 953 4882 (Fig.
972 4783 1003 4856 I.
1034 4792 1066 4853 1.
1095 4783 1167 4869 Ρ.*)
1202 4785 1297 4856 inter
1320 4785 1482 4881 primum
1514 4795 1550 4853 et
1575 4777 1776 4852 seeundum
1803 4773 1970 4871 corporis
1995 4771 2186 4852 annulum·

379 4901 427 4974 ad
453 4903 636 4974 musculos
657 4902 820 4984 laterales
832 4884 1151 5004 cephalotboracis
1167 4908 1332 4981 aseendit
1355 4905 1681 5004 compluribusque
1696 4900 1805 5006 ramis
1820 4921 1883 4970 eos
1903 4893 2168 4990 complectitur.

479 5023 635 5096 Externa
662 5049 683 5096 e
709 5029 872 5124 margine
898 5031 1052 5104 cuiusvis
1076 5033 1221 5129 ganglii,
1245 5046 1287 5104 ut
1310 5055 1418 5128 supra
1441 5027 1529 5120 dixi,
1554 5037 1716 5121 quatuor·
1738 5019 1839 5095 nervi
1865 5017 2043 5091 oriuntur.
2085 5015 2172 5086 For-

376 5145 535 5218 tissimus
567 5149 733 5222 omuium
767 5149 910 5248 (Figl.
936 5149 973 5224 ll.
1001 5155 1036 5226 5.
1062 5155 1144 5230 6.S.
1173 5157 1256 5257 Fig.
1275 5157 1348 5232 IV.
1366 5155 1414 5242 S.)
1448 5164 1551 5250 parte
1577 5173 1620 5220 ex
1644 5144 1827 5224 anteriore
1854 5139 1943 5226 uadi
1962 5139 2103 5232 oritur,
2136 5151 2173 5208 et
