4786 6002
1112 649 1357 726 ..50-

347 841 536 914 uaiuadam
562 837 896 912 mantionem'lacit
919 837 971 918 lll.
998 837 1038 908 Α.
1066 837 1398 936 Brongniart*l,
1423 839 1526 937 qarod
1552 840 1668 914 lorma
1690 842 1842 940 quidem
1869 859 1907 919 et
1930 847 2054 920 colore
2077 849 2125 920 ab

346 966 416 1038 illis
443 962 580 1061 Apodis
601 976 638 1034 et
663 959 952 1056 Brancbiopodis
976 961 1140 1057 partibus
1164 960 1299 1055 diffe'rt,
1323 963 1393 1034 situ
1420 977 1540 1036 autem
1568 965 1722 1037 omnino
1748 969 1928 1040 convenit.
1980 969 2126 1042 Inveni·

346 1103 406 1160 tur
430 1089 527 1160 enim
554 1087 644 1158 baec
664 1109 748 1182 pars
773 1108 849 1156 non
870 1085 1000 1181 procul
1025 1083 1071 1154 ab
1096 1083 1209 1155 oculis
1235 1085 1460 1180 compositis,
1485 1088 1603 1184 impar
1629 1101 1681 1158 est
1703 1101 1741 1159 et
1763 1090 1871 1188 longe
1884 1092 2034 1185 eminet,
2059 1115 2125 1163 co-

345 1212 423 1282 lore
449 1223 568 1280 autem
591 1207 812 1280 liano-viridi
840 1207 901 1286 ‚rel
926 1229 1044 1303 paene
1068 1203 1252 1301 pellucido
1286 1219 1323 1278 et
1351 1221 1454 1303 parte
1488 1191 1659 1281 inferiore
1691 1223 1898 1305 attenuata,
1938 1214 2126 1310 superiore

346 1331 539 1404 rotundata
571 1331 627 1402 rel
653 1331 775 1401 inflata
810 1353 888 1400 esse
921 1326 1074 1401 videtur.
1133 1329 1606 1404 straus-Duorkheim
1639 1330 1751 1426 dicit,
1782 1333 1990 1407 Limnadias
2018 1335 2126 1408 buius

344 1455 456 1552 partis
482 1477 553 1550 ope
578 1455 657 1526 aliis
683 1455 791 1524 rebus
813 1477 852 1524 se
879 1448 1023 1548 affigere
1049 1475 1154 1548 posse
1170 1451 1232 1538 “t

442 1579 595 1652 Maxime
624 1593 744 1650 autem
770 1603 853 1650 aum
871 1577 941 1648 illo
966 1574 1105 1672 Apodis
1137 1597 1274 1673 organo
1300 1576 1421 1672 specie
1453 1591 1599 1650 externa
1624 1580 1797 1652 convenit
1820 1603 1904 1676 pars
1930 1579 2125 1678 quaedam,

344 1727 454 1800 quam
483 1705 521 1774 iu
543 1701 696 1800 Argnlo
709 1702 882 1798 soliaoeo
912 1698 1120 1796 diligentius
1151 1697 1325 1770 describit
1350 1699 1505 1772 lurine
1523 1685 1609 1787 aar).
1672 1698 1994 1796 Cephalotboracis
2014 1702 2055 1776 in
2079 1702 2125 1774 li-

344 1845 413 1898 uea
435 1823 604 1898 mediana
628 1825 738 1915 siuas,
768 1820 834 1894 sed
859 1822 905 1894 ab
932 1823 1045 1894 oculis
1070 1822 1283 1917 compositis
1321 1824 1434 1918 magis
1467 1846 1578 1918 quam
1612 1823 1650 1894 iu
1676 1822 1804 1920 Apode
1831 1797 1995 1896 remotui
2026 1825 2126 1898 locus

343 1948 494 2044 quidam
520 1962 558 2019 et
582 1949 706 2021 colore
732 1960 768 2020 et
791 1946 988 2044 splendore
1011 1955 1184 2042 praestat,
1225 1945 1326 2016 cuius
1351 1944 1472 2018 albida
1497 1946 1537 2017 in
1562 1945 1754 2042 superficie
1779 1947 1919 2018 macula
1944 1945 2124 2045 quaedam

343 2071 681 2164 rubra,trilobata
716 2085 753 2142 et
784 2069 899 2145 nitida
932 2069 1165 2165 conspicitur.
1229 2065 1466 2168 Quaestione
1486 2069 1691 2164 anatomica
1724 2093 1762 2140 se
1793 2069 2005 2167 cognovisse
2037 2067 2126 2142 dicit

342 2194 517 2287 lurine,
542 2207 663 2290 partes
688 2194 763 2265 illas
786 2207 860 2266 tres
885 2191 1035 2288 albidas,
1062 2216 1156 2288 quae
1184 2177 1362 2264 maculam
1389 2191 1549 2264 mediam
1575 2193 1781 2278 trilobatam
1814 2207 1851 2264 et
1875 2192 2125 2264 obscuriorem

342 2314 582 2410 circumdent,
607 2329 679 2386 tres
704 2339 780 2386 esse
805 2315 977 2392 vesiculas
1001 2303 1221 2412 pellucidae,
1252 2314 1395 2410 liquare
1422 2311 1573 2410 proprio
1599 2315 1775 2412 repletas.¹
1816 2316 2053 2410 Quamquam
2076 2311 2126 2384 de

340 2439 450 2516 huius
475 2439 737 2518 observationis
761 2440 939 2525 veritato,
976 2464 1092 2535 quum
1124 2439 1218 2520 illius
1244 2439 1410 2512 animalis
1436 2437 1666 2510 examinandi
1700 2438 1802 2510 locus
1836 2435 2001 2512 nondum
2033 2436 2126 2508 mibi

342 2558 470 2652 luerit,
500 2557 701 2632 diiudicare
726 2583 803 2632 non
827 2583 999 2657 possum,
1024 2571 1148 2637 tamen
1172 2585 1219 2633 eo
1246 2560 1357 2658 magis
1383 2559 1495 2632 dubia
1521 2561 1612 2631 mihi
1639 2583 1715 2632 esse
1738 2559 1906 2651 ridetur,
1932 2557 2035 2656 quod
2062 2561 2127 2630 lu·

342 2682 442 2754 rine
466 2694 582 2754 totam
609 2682 706 2757 hane
728 2697 871 2780 partem
894 2695 970 2760 tam
996 2683 1090 2754 male
1115 2685 1305 2782 coguovit,
1327 2696 1368 2758 ut
1389 2684 1579 2758 cerebrum
1607 2684 1645 2760 in
1672 2707 1714 2756 ea
1736 2685 1844 2755 situm
1870 2707 1946 2756 esse
1970 2695 2125 2779 putaret

342 2805 421 2878 Hoc
455 2817 575 2882 autem
609 2819 813 2882 memoratu
843 2803 991 2904 dignum
1017 2804 1181 2899 videtur,
1212 2803 1317 2902 quod
1346 2805 1417 2876 hae
1447 2818 1568 2901 partes
1598 2807 1641 2877 iis
1671 2808 1709 2878 in
1735 2806 1952 2877 animalibus
1977 2818 2124 2878 externa

277 3007 281 3016 ,
342 2928 465 3029 specie
487 2927 643 3000 maxime
665 2927 899 3008 conveniunt,
925 2951 1019 3025 quae
1044 2928 1082 2998 in
1109 2927 1292 3024 sanguinis
1308 2927 1461 3000 circuitu
1485 2940 1541 3003 tot
1563 2940 1725 3006 attentas
1742 2926 1996 3002 similitudines
2018 2955 2124 3028 prae-

342 3050 445 3130 bant.
496 3046 664 3120 Ceterum
691 3071 819 3122 ornnes
840 3047 910 3122 bae
934 3071 991 3118 res
1017 3072 1096 3120 eam
1122 3049 1339 3147 opinionem
1363 3047 1791 3144 confirmare'ridentur,
1822 3049 1888 3123 has
1912 3065 2033 3149 partes
2058 3077 2125 3125 ne-

345 3193 531 3272 quaquam
557 3171 683 3249 oeulos
706 3169 894 3244 habendas
919 3193 1006 3242 esse.

344 3339 614 3352 Μαι-..ιι-

403 3426 440 3502 a)
460 3424 605 3496 ildmoira
625 3441 677 3486 sar
695 3423 724 3487 le
745 3423 909 3487 Limnadia.
929 3459 971 3496 ,-
991 3413 1152 3486 namanes
1176 3423 1216 3488 du
1235 3421 1368 3486 Martum
1389 3421 1544 3486 d'bistoire
1563 3421 1707 3486 naturalia
1727 3421 1811 3484 ron.
1826 3419 1872 3484 Vl.
1896 3439 1925 3501 p.
1937 3422 1988 3486 83.
2012 3423 2124 3486 -Da-

467 3530 607 3594 scribitur
626 3528 699 3594 illud
719 3547 859 3613 organon
879 3549 906 3611 p.
920 3529 971 3594 86.
990 3531 1045 3608 (cl.
1065 3531 1138 3594 Tab.
1152 3529 1199 3598 13.
1220 3531 1283 3614 Fig·
1305 3531 1334 3592 2.
1355 3536 1387 3596 et
1409 3527 1455 3606 ὃ.)
1476 3528 1522 3590 bis
1541 3528 1660 3596 verbis:
1682 3528 1747 3608 „La
1769 3531 1829 3592 tate
1853 3527 1929 3594 aare
1950 3531 1968 3592 t
1989 3548 2025 3596 sa
2047 3549 2121 3612 par-

463 3640 505 3702 tie
527 3639 701 3721 superieure
722 3656 764 3703 un
784 3640 856 3720 petit
877 3637 1042 3719 appendice
1062 3637 1264 3718 vc'siculaire,
1285 3636 1372 3714 droit,
1394 3635 1541 3715 incolare,
1563 3635 1637 3698 dont
1654 3637 1787 3720 J'ignore
1812 3637 1956 3720 l’usaga.“

382 3745 513 3827 ll)1)e
533 3746 751 3816 Ferassac.
772 3744 898 3810 Bullatin
921 3744 975 3808 des
998 3745 1137 3808 scienccs
1159 3741 1330 3808 naturales.
1356 3743 1444 3806 1830.
1467 3745 1550 3808 Tuan.
1568 3745 1784 3827 thl.p.333‚
1810 3755 1924 3826 -„et,
1947 3766 1983 3810 aa
2006 3750 2055 3828 qni
2076 3747 2121 3810 les

466 3855 527 3938 (les
549 3855 718 3918 Limnadies
742 3861 772 3916 et
792 3853 837 3918 les
859 3853 1078 3931 Pentatasnas)
1100 3852 1267 3934 rapproclac
1291 3871 1403 3915 encore
1427 3851 1613 3934 davaantagc,
1646 3853 1719 3914 c'cst
1742 3869 1818 3932 quc,
1840 3853 1913 3916 dans
1934 3853 1979 3920 les
1999 3855 2121 3920 Limna-

466 3961 542 4036 dies,
563 3959 583 4022 ll
605 3963 702 4034 existe
722 3977 761 4024 au
784 3959 893 4022 devant
914 3959 953 4022 du
975 3979 1063 4042 corps
1086 3981 1125 4024 un
1144 3960 1312 4043 pedunculc
1337 3968 1433 4038 court,
1455 3960 1547 4026 ranila
1570 3979 1607 4022 cn
1629 3959 1708 4036 haut,
1731 3978 1785 4040 par
1807 3959 1836 4021 le
1858 3979 1967 4042 rrroycn
1989 3963 2028 4024 du
2050 3963 2119 4042 quet

465 4087 517 4133 ces
539 4069 679 4130 animatur
700 4085 735 4130 se
757 4067 848 4133 tbrent
869 4057 1141 4132 nonerunenena
1162 4085 1222 4138 aur
1244 4085 1344 4150 corps,
1367 4067 1553 4134 absolunent
1575 4083 1691 4134 comma
1714 4067 1758 4130 les
1780 4067 1981 4134 Pentalasmes
2003 4070 2031 4132 le
2052 4077 2121 4132 sont

466 4179 558 4242 d’ane
576 4177 710 4240 manicre
730 4183 957 4257 permanentes
1722 4195 1725 4202 ·

363 4293 441 4370 ttl)
461 4289 480 4356 Ι.
504 4307 531 4352 c.
553 4289 625 4352 Tati.
648 4283 700 4355 26.
729 4285 793 4366 lig.
819 4285 845 4346 1.
868 4285 897 4346 1.
919 4283 948 4346 7.
976 4284 1024 4354 11.
1054 4281 1240 4352 Describitur
1261 4301 1290 4364 p.
1315 4281 1386 4345 447.
1416 4282 1476 4350 hoo
1498 4282 1636 4366 organon
1659 4283 1706 4352 bis
1727 4284 1849 4351 verbis:
1884 4287 2053 4362 „Danista
2076 4288 2122 4350 les

463 4415 545 4479 yeux
565 4403 594 4458 et
618 4395 693 4458 dans
715 4391 744 4454 b
769 4391 851 4474 ligne
872 4389 1010 4454 mediana
1033 4389 1073 4454 du
1095 4389 1269 4474 chaperon,
1300 4409 1340 4456 on
1362 4392 1426 4454 voit
1446 4410 1485 4454 un
1509 4392 1582 4471 petit
1603 4391 1686 4471 point
1708 4393 1860 4472 notram,
1886 4395 1935 4474 qui
1957 4393 2042 4458 brille
2064 4391 2119 4456 des

464 4503 530 4586 plus
550 4502 644 4579 belles
668 4499 806 4565 concurs
830 4496 992 4576 durabis,
1023 4505 1139 4566 surtoat
1159 4481 1294 4580 lorsqu’ll
1316 4505 1362 4560 est
1394 4499 1507 4580 exposa
1535 4515 1595 4560 aux
1626 4517 1738 4580 rayons
1768 4500 1807 4568 du
1830 4500 1927 4584 soleii.
1972 4501 2013 4564 Ge
2036 4502 2120 4582 point

464 4629 522 4697 pue
541 4614 575 4694 je
596 4627 772 4694 snupcoune
796 4611 859 4671 atra
878 4605 906 4668 le
927 4621 1057 4670 canera
1079 4605 1117 4669 de
1138 4606 1284 4688 l'argulo,
1319 4613 1366 4668 est
1387 4611 1530 4687 composa
1553 4604 1591 4668 de
1615 4609 1689 4670 trois
1710 4607 1795 4670 lobes
1818 4607 1939 4690 agana,
1971 4627 2011 4673 un
2033 4609 2119 4672 ante-

463 4722 545 4784 rieur
566 4727 597 4782 et
617 4720 696 4790 deux
718 4717 854 4783 lataraux
874 4715 998 4798 separas
1020 4713 1064 4778 les
1086 4731 1142 4777 uns
1164 4713 1218 4777 des
1240 4722 1340 4777 autres
1364 4733 1417 4796 par
1447 4733 1505 4777 una
1535 4715 1697 4777 substance
1727 4717 1813 4778 noire
1843 4717 1880 4779 de
1903 4715 1999 4780 forma
2022 4716 2117 4781 trian-

462 4829 588 4914 prrlaira.
631 4827 677 4890 En
699 4827 870 4898 examinant
890 4841 941 4886 cas
957 4823 1043 4886 lobes
1066 4821 1103 4884 de
1120 4817 1287 4904 'tres-pria,
1307 4823 1361 4903 J'ai
1384 4840 1519 4886 reconna
1541 4841 1597 4903 que
1614 4823 1752 4886 c'etaient
1773 4822 1828 4886 des
1853 4823 2002 4887 vesiculas
2017 4831 2119 4884 trans-

463 4943 615 5027 parentes,
638 4935 822 5005 renlarmant
846 4951 904 5002 una
927 4933 1051 4994 matters
1072 4930 1272 5011 particulare,
1297 4931 1345 5010 qui
1368 4938 1412 4992 est
1434 4929 1745 4994 vraisamblablcmcnt
1765 4931 2057 5014 propreirdllriclrir
2072 4929 2115 4992 las

463 5061 574 5134 rayons
594 5041 755 5121 lamiaeux,
774 5049 804 5104 at
830 5043 846 5106 i
869 5041 934 5106 latu
954 5039 1072 5106 donner
1094 5043 1157 5100 tout
1177 5036 1291 5116 laetat,
1314 5038 1387 5102 dant
1408 5037 1444 5098 its
1467 5037 1616 5102 brittent.“

1076 5209 1080 5218 ’
1098 5207 1328 5226 m
