4786 6002
1135 669 1138 678 ,

1033 679 1282 762 ..ffl-

263 878 401 952 tlsccis
422 887 587 948 eonuare
610 872 764 947 ridetur
815 872 1021 1007 Sanguinis
1033 821 1253 1027 corpusmla
1279 891 1386 952 orato
1408 879 1525 951 torma
1549 892 1587 950 et
1610 891 1776 975 respectu
1803 901 1885 972 mag
1865 860 2061 946 altitudinis

275 1001 447 1078 animalis
465 1017 661 1098 permagna
686 1011 842 1071 sunt.

315 1129 508 1219 Restat,
528 1137 575 1196 ut
599 1125 778 1197 rationem
804 1044 1116 1223 contemplemur,
1143 1153 1216 1225 qua
1244 1141 1370 1201 natura
1396 1125 1579 1223 sanguinis
1602 1125 1816 1217 circuitum,
1856 1143 1969 1220 quum
2001 1142 2064 1194 ra-

276 1253 373 1326 scula
398 1241 591 1341 deliciunt,
622 1247 794 1322 sustineat
827 1261 937 1345 atque
963 1253 1148 1322 'acceleret
1201 1254 1274 1324 lam
1309 1273 1417 1348 supra
1441 1245 1624 1343 vidimus,
1655 1249 1741 1319 huic
1775 1247 1839 1317 lini
1867 1247 2064 1342 praecipue

200 1441 208 1455 .
275 1389 399 1448 motus
423 1371 670 1444 membranae·
684 1395 752 1467 per
776 1371 987 1447 abdominis
1010 1375 1200 1460 caritatem
1221 1389 1391 1447 'extensae
1416 1373 1609 1466 inservire,
1635 1381 1917 1468 qua‘contraeta
1944 1379 1979 1438 et
2006 1391 2064 1438 re·

277 1499 393 1572 laxata
419 1496 550 1569 cavitas
573 1493 724 1569 interior
755 1505 790 1566 et
815 1497 983 1591 superior
1015 1497 1224 1570 abdominis
1257 1499 1410 1571 invicem
1444 1510 1648 1569 coarctatur
1679 1509 1715 1570 et
1740 1495 1919 1567 dilatatur.
1973 1493 2067 1562 vers

156 1609 159 1619 ’
265 1619 429 1691 adonius
464 1639 616 1714 apioque
642 1615 764 1688 cordis
790 1617 985 1688 artedosus
1016 1620 1138 1692 multis
1172 1621 1343 1694 musculis
1377 1619 1571 1690 instnaetus
1597 1631 1676 1711 est,
1713 1641 1797 1688 nam
1838 1639 1913 1686 non
1949 1614 2066 1683 solum

280 1739 504 1838 marginibus
531 1739 610 1810 eius
633 1737 840 1813 lateralibus
864 1741 1020 1812 musculi
1041 1735 1242 1838 peculiares
1266 1755 1490 1834 asseruntur,
1516 1739 1581 1812 sed
1608 1739 1682 1812 duo
1709 1739 1862 1810 musculi
1885 1735 2068 1808 tortissimi

267 1861 455 1956 trualt.
480 1859 689 1961 fagala&
712 1860 846 1935 XVII.
872 1861 980 1936 XIX.
991 1865 1073 1958 m),
1095 1859 1159 1961 qui
1186 1863 1366 1938 elllurium
1395 1878 1431 1935 et
1455 1849 1647 1933 decursirm
1678 1861 1862 1957 sanguinis
1888 1857 2073 1950 adiuvent,

282 2011 359 2060 non
383 1985 558 2083 procula
584 1983 764 2055 foramine
789 1985 1232 2060 anterioremembtanne
1257 1989 1302 2059 ab
1329 2011 1374 2057 eo
1401 1983 1639 2057 descendenti
1667 2007 1745 2053 sese
1770 1979 1930 2077 alligunt.
1998 1977 2071 2050 Sed

270 2109 374 2181 aliae
400 2131 553 2206 quoquo
577 2108 893 2204 singulae-partes-
909 2111 1152 2206 peculiaribus
1177 2111 1348 2182 musculis
1375 2101 1561 2206 praeditas
1588 2119 1684 2200 sunt,
1709 2107 1810 2178 venis
1837 2104 1934 2175 enim
1963 2103 2074 2172 bran-

271 2228 463 2300 -chialibus
487 2228 663 2320 eoloco,
697 2253 775 2324 quo
799 2227 819 2301 e
845 2231 1031 2326 brancbiis
1060 2232 1099 2301 in
1125 2233 1467 2329 cephalotborarem
1495 2227 1747 2320 descendunt,
1779 2227 1854 2296 (luo
1891 2223 2075 2296 musculo-

270 2375 367 2424 ·rum
393 2346 552 2420 fasciculi
586 2374 608 2422 a
633 2351 745 2425 tatere
774 2349 940 2450 corporis
962 2355 1032 2426 orti
1059 2368 1265 2426 asseruntur
1292 2353 1438 2439 (Tala-l.
1470 2353 1552 2450 Fig.
1573 2351 1601 2423 l.
1617 2349 1874 2445 stu-quius
1904 2337 1983 2418 'duo
2017 2345 2077 2415 alii
2167 2346 2172 2363 '

271 2470 435 2568 -s'parte
459 2465 644 2544 anteriore
661 2469 1094 2572 Ι[ἰιίἰόιιιίειιιοι,ορριιιιὶιί
1120 2491 1215 2548 sunt.
1265 2469 1462 2572 Sanguinis
1488 2475 1582 2545 eirca
1606 2474 1732 2544 oculos
1756 2493 1881 2542 cursus
1905 2467 2076 2541 musculis

288 2592 531 2692 peculiaribus
556 2595 793 2692 acceleratur,
826 2595 890 2694 qui
915 2595 1043 2673 ratlioti
1071 2595 1261 2672 oculorum
1289 2596 1410 2670 nervis
1432 2595 1639 2670 adiacentes
1661 2595 1814 2692 margini
1843 2592 2075 2662 membrane-

271 2739 377 2790 -oeae
401 2716 528 2789 oculos
552 2716 794 2806 circumdanti
821 2717 1044 2814 affixisuirt,
1078 2735 1114 2792 et
1138 2724 1339 2821 regularem
1374 2723 1482 2793 harim
1516 2718 1885 2815 motumpulsationi
1922 2715 2077 2785 similem

291 2838 464 2913 efficiunt.
516 2835 687 2940 Deaiilue
708 2841 813 2942 qttpd
840 2843 968 2916 attinet
998 2843 1045 2918 ad
1074 2847 1258 2942 sanguinis
1283 2869 1350 2944 per
1372 2844 1484 2942 pedes
1510 2839 1721 2936 circuitum,
1752 2855 1907 2936 uterque
1931 2835 2077 2928 canalis,

291 2976 327 3035 et
351 2963 401 3056 is,
424 2962 489 3060 qui
512 2959 673 3058 pedibus
692 2961 1052 3066 sauguinemass'ert,
1077 2945 1194 3062 etssis,
1230 2969 1294 3066 qui
1329 2960 1414 3039 eum
1440 2988 1483 3036 ea
1511 2967 1554 3037 iis
1586 2967 1738 3060 recipit,
1771 2964 1865 3033 iuter
1895 2959 2079 3032 musculos

290 3081 426 3180 pedum
450 3080 725 3158 abdominales
722 3087 779 3158 et'
787 3099 919 3160 assum
944 3093 1131 3161 externam
1156 3093 1245 3163 situs
1270 3105 1334 3184 est,
1361 3115 1401 3162 so
1419 3081 1530 3160 tacite
1556 3088 1703 3182 intelligi
1730 3097 1862 3181 potest,
1888 3096 1990 3154 motu
2014 3103 2080 3176 pe-

276 3204 378 3276 ·dum
406 3204 703 3278 abdominalium
724 3207 901 3281 continuo
930 3212 999 3281 hos
1024 3234 1176 3308 quoque
1202 3215 1379 3291 canales
1368 3214 1526 3285 invicem
1558 3211 1732 3283 coarctari
1759 3220 1795 3276 et
1817 3203 1980 3300 dilatari,
2006 3225 2081 3298 qua

290 3351 328 3398 re
354 3328 500 3424 sanguis
523 3353 600 3400 non
617 3329 779 3402 solum
770 3353 808 3400 ιιι
827 3327 990 3426 pedibus
1009 3331 1115 3460 sed
1107 3332 1194 3482 apsis
1217 3333 1328 3458 etiam
1352 3331 1393 3403 in
1416 3329 1604 3402 canalibus
1628 3323 1853 3454 propellitur.
1959 3347 1964 3357 ·

388 3501 420 3579 l
447 3493 506 3568 24.
558 3497 711 3596 Ἀροιῐίι
743 3491 964 3607 sanguinis
966 3477 1146 3582 circuitis
1178 3475 1261 3580 curn
1292 3493 1451 3575 aliorum
1479 3473 1760 3577 Crustnceornin
1791 3511 1827 3568 et
1848 3465 2080 3575 Insectorum

275 3645 385 3734 ¹sung
388 3623 486 3694 ιιίιιίι
509 3601 669 3695 ci'rcmtri
695 3629 931 3726 comparatio.
958 3656 1006 3700 ·—.·
1030 3615 1307 3728 Crustaceornm
1332 3649 1448 3724 pauca
1473 3637 1614 3696 tantum
1642 3619 1763 3694 adhuc
1787 3632 1889 3712 sum,
1912 3641 2079 3716 quorum

290 3757 408 3814 totum
432 3768 599 3815 rasorum
625 3757 781 3840 systema
803 3761 930 3822 notum
957 3765 1021 3824 est.
1075 3749 1340 3824 Celeberrimae
1365 3745 1517 3847 quidem
1543 3758 1626 3820 suut
1643 3741 1888 3846 quaestiones,
1914 3765 2004 3837 quas
2032 3735 2079 3810 de

291 3861 533 3964 Decapodnm
559 3879 751 3962 systemate
775 3893 943 3942 rasorum
971 3870 1133 3946 lecerunt
1165 3869 1374 3944 Audouin
1407 3882 1443 3940 et
1466 3867 1607 3940 lllilne
1612 3863 1915 3958 Edwards*);
1950 3861 2014 3932 sed
2040 3861 2079 3932 hi

291 3989 509 4085 scriptores,
542 3989 707 4087 quamvis
741 3992 1029 4090 ingeniosissime
1059 3995 1266 4068 universum
1293 3991 1477 4090 sanguinis
1512 3991 1703 4102 circuitum
1735 3987 1947 4087 perscrutati
1983 3999 2079 4078 sunt,

291 4125 414 4188 tamen
439 4113 595 4210 singulas
620 4113 796 4211 quasdam
823 4130 955 4216 partes,
980 4143 1075 4215 quae
1100 4115 1148 4200 ad
1169 4129 1385 4190 structuram
1410 4111 1531 4188 cordis
1556 4111 1752 4218 pertinent,
1779 4129 1854 4180 non
1881 4109 1976 4177 bene
1995 4132 2076 4202 per·

292 4233 449 4330 spexisse
475 4235 655 4313 ridentur.
708 4239 751 4310 Et
776 4262 1001 4337 quamquam
1027 4241 1093 4313 riri
1118 4237 1348 4340 gravissimae
1374 4237 1609 4322 auctoritatis,
1630 4232 1860 4316 Meckel**)
1888 4242 1922 4299 et
1947 4229 1980 4299 M
1990 4230 2081 4300 uel

294 4356 443 4460 term)
468 4357 613 4430 illorum
639 4359 858 4456 scriptorum
885 4363 1079 4460 opiniones
1109 4361 1363 4461 dsleuserunt,
1398 4373 1523 4434 umen
1550 4359 1711 4432 virorum
1743 4355 1793 4426 lll.
1818 4353 1867 4422 ΙΙΙ.
1898 4352 2079 4423 Straus·

362 4787 399 4862 1’)
420 4785 615 4852 Recterches
637 4793 846 4875 anatomtqoes
867 4799 898 4860 ot
917 4797 1167 4890 phystotppiqnes
1186 4815 1240 4867 snr
1261 4795 1290 4860 ta
1311 4793 1489 4863 drodation
1510 4789 1585 4856 dans
1606 4788 1651 4852 tes
1674 4777 1843 4854 ornasses.
1878 4824 1918 4838 -
1951 4785 2084 4852 annues

424 4901 479 4966 des
500 4907 649 4972 sciencss.
672 4893 816 4975 ronst.
835 4913 948 4997 paor.
972 4921 1003 4978 et
1022 4917 1158 4998 pass.-

341 5037 397 5114 ”l
420 5036 538 5118 system
556 5040 613 5104 der
628 5042 902 5128 ,verguiotenten
915 5047 1095 5119 Διιιιιιιιιιίο.Ι
1108 5049 1204 5118 sus.
1226 5048 1318 5116 1831.
1339 5047 1422 5112 ton.
1434 5043 1468 5108 V.
1489 5059 1520 5122 p.
1532 5039 1584 5104 9⁵.

320 5168 399 5246 aas)
426 5169 593 5238 llanrtbnct
616 5175 671 5241 der
689 5177 890 5265 Physiologie.
910 5181 972 5248 at
995 5197 1025 5268 p.
1042 5181 1114 5254 tta.
1162 5191 1199 5250 ’,
1267 5193 1273 5201 ’
1323 5195 1326 5202 ’
