4786 6002
1026 660 1274 736 ..41-

254 857 416 955 primum
442 852 592 953 quidem
614 865 759 951 practer
783 853 986 950 marginem
1022 851 1243 928 anteriorem
1274 852 1427 926 musculi
1460 853 1561 950 parri
1588 852 1732 956 (Frgu
1756 849 1792 926 4.
1808 849 1841 928 J
1842 861 1917 950 .),a
1941 869 2044 954 parte

254 979 408 1054 ventrali
430 977 470 1052 in
492 975 626 1083 pedem
653 973 929 1069 descendentis,
963 973 1145 1068 decurrit,
1170 987 1393 1080 tumentem
1421 977 1488 1048 sub
1514 976 1616 1050 bunc
1639 978 1841 1054 musmlum
1867 1003 1906 1052 se
1931 980 2045 1056 flectit

255 1117 295 1175 et
315 1127 393 1176 una
413 1127 496 1176 cum
523 1126 592 1196 eo,
618 1101 724 1174 nutis
750 1113 856 1174 antea
881 1100 992 1175 ramis
1017 1098 1176 1191 emissis,
1191 1097 1242 1174 :in
1266 1096 1400 1193 pedem
1425 1096 1625 1174 descendit.
1677 1100 1718 1172 ln
1743 1100 1839 1197 pesle
1860 1103 1941 1199 ipso
1966 1128 2045 1176 non

253 1227 384 1324 procul
409 1251 440 1298 a·
453 1225 617 1320 margine
643 1224 719 1296 eius
744 1223 916 1296 interiore
941 1245 1072 1296 nerem
1098 1221 1200 1320 (Frg.
1226 1219 1304 1294 IV.
1330 1217 1379 1306 S.)
1410 1219 1592 1316 decurrit,
1626 1245 1669 1296 ac
1692 1224 1840 1298 ramulis
1863 1226 1983 1320 parvis
2008 1239 2046 1298 ct

253 1348 303 1423 ad
328 1373 439 1424 coxae
465 1345 775 1431 musculoslr'br'd.
802 1352 849 1433 a.)
874 1344 983 1418 etad
1008 1341 1210 1418 secundum
1222 1344 1447 1440 tertiumque
1473 1342 1577 1441 pedis
1598 1369 1811 1441 processum
1836 1345 1983 1430 (ibice.
1997 1345 2043 1436 c.)
2144 1355 2147 1362 ’

255 1473 406 1566 emissis,
433 1469 526 1544 duos
550 1473 589 1543 in
612 1495 734 1544 ramos
760 1469 863 1556 (thid.
885 1469 922 1544 ἆ.
949 1473 991 1554 ο.)
1016 1467 1122 1541 fissus
1146 1481 1220 1540 tres
1242 1491 1431 1566 processus
1458 1467 1626 1563 inspice
1651 1469 1792 1563 positos
1817 1471 1920 1566 petit.

350 1592 444 1666 Ante
469 1592 568 1664 hunc
594 1615 745 1668 nervum
769 1591 838 1684 rel,
862 1602 903 1665 ut
927 1592 1056 1684 melius
1082 1589 1216 1678 dicam,
1240 1615 1349 1688 super
1373 1615 1457 1663 eum
1484 1615 1614 1664 nervus
1639 1593 1748 1688 paulo
1774 1593 1920 1668 tenuior
1945 1591 2042 1696 trtg.

252 1715 281 1790 1.
308 1711 344 1786 4.
372 1719 408 1788 5.
434 1716 470 1786 6.
494 1711 553 1799 R.)
574 1713 703 1806 oritur,
728 1713 792 1810 qui
814 1711 952 1809 pedum
975 1710 1146 1788 musculis
1169 1715 1311 1811 magnis
1333 1715 1371 1786 in
1397 1711 1598 1786 abdomine
1618 1715 1696 1786 sitis
1729 1713 1833 1804 (ibid.
1856 1715 1929 1806 11.)
1953 1743 2044 1814 pro·

251 1841 352 1938 prius
375 1851 441 1912 cst.
492 1836 665 1933 Sequitur
689 1835 788 1908 enim
809 1857 965 1910 ‘neruum
991 1835 1106 1910 modo
1130 1835 1356 1933 descriptum
1384 1834 1430 1908 ad
1457 1861 1541 1908 eum
1566 1861 1683 1935 usque
1709 1839 1857 1934 locum,
1883 1865 1959 1938 quo
1981 1841 2043 1915 bic

251 1963 291 2036 in
317 1960 451 2062 pedem
477 1958 680 2056 dcsoendit,
705 1973 784 2034 turn
810 1973 937 2034 artem
956 1983 1099 2034 sursum
1127 1958 1226 2034 etin
1252 1958 1455 2056 posteriora
1480 1981 1519 2030 se
1546 1959 1740 2053 convertit,
1766 1961 1948 2034 minorem
1974 1987 2043 2060 pe·

233 2077 340 2158 idum
366 2084 569 2158 musonium
596 2083 693 2182 (Fig.
705 2083 735 2157 1.
761 2075 798 2152 4.
823 2077 881 2170 Ι.)
907 2081 1180 2180 transgreditur,
1206 2084 1457 2156 membranam
1483 2079 1713 2167 tendinosam
1739 2081 1924 2179 (ibid.L.),
1944 2111 2041 2184 quae

249 2206 474 2306 singrrlorum
498 2206 636 2305 pedum
665 2209 822 2305 parietes
847 2206 1046 2278 anteriores
1072 2207 1276 2304 coniungit,
1307 2207 1405 2278 subit
1432 2219 1468 2278 et
1498 2205 1545 2278 ad
1570 2208 1753 2310 musculos
1788 2207 1926 2304 pedum
1961 2235 2042 2284 ma·

248 2329 344 2402 iores
370 2329 474 2416 libid.
500 2329 572 2415 H.)
593 2354 632 2404 se
658 2329 809 2402 confert.
860 2329 928 2404 llic
948 2331 1122 2426 utrinque
1145 2353 1257 2425 parvo
1282 2331 1424 2402 ramulo
1450 2331 1547 2430 (th.
1558 2330 1607 2403 11.
1617 2324 1646 2414 ξ.
1666 2335 1712 2426 ρ.)
1738 2331 1884 2424 emisso,
1911 2341 2042 2404 nervus

248 2456 328 2552 ipse
351 2453 498 2528 duobus
524 2455 633 2528 ramis
656 2455 750 2554 (Fig.
761 2453 791 2526 1.
820 2454 856 2526 6.
882 2454 973 2552 Figr
988 2451 1036 2528 11.
1059 2479 1095 2551 p.
1121 2459 1168 2553 q.)
1195 2450 1299 2546 pedis
1325 2450 1527 2524 musculum
1554 2452 1819 2548 complectitur.
1870 2451 2041 2544 Quomm

248 2599 370 2648 ramus
394 2577 555 2652 anterior
577 2576 701 2650 multis
725 2573 872 2647 ramulis
897 2572 1139 2647 subtilissimis
1165 2573 1268 2658 (ibid.
1293 2599 1320 2644 rr
1348 2599 1387 2646 π.
1400 2579 1450 2659 π.)
1478 2574 1516 2644 in
1541 2575 1729 2671 superiore
1755 2578 1908 2650 musculi
1935 2577 2042 2652 fasci·

247 2697 330 2768 culo
353 2695 582 2790 diffunditur,
603 2720 724 2770 ramus
747 2697 932 2792 posterior
955 2696 1057 2782 libid.
1082 2703 1129 2800 q.)
1162 2694 1382 2792 profundius
1403 2695 1498 2766 inter
1522 2696 1675 2768 musculi
1700 2695 1811 2769 fibras
1835 2696 2040 2794 descendit,

248 2820 423 2902 arcuatim
446 2822 541 2894 cirea
568 2844 628 2892 eas
652 2845 691 2892 se
710 2821 824 2894 flectit
848 2833 885 2894 et
910 2821 1050 2895 ramulo
1076 2833 1280 2894 transverso
1307 2842 1390 2892 cum
1406 2819 1467 2888 illo
1495 2842 1606 2890 nervo
1632 2820 1847 2892 tenuissimo
1868 2819 2039 2921 (ibimpl,

248 2945 312 3040 qui
341 2968 382 3016 ex
408 2945 510 3018 nervi
536 2957 666 3017 trunco
691 2943 765 3016 iam
792 2955 901 3016 antea
926 2943 1077 3014 emissus
1102 2953 1191 3034 erat,
1216 2941 1433 3014 coniunctus
1459 2963 1535 3010 csse
1561 2939 1716 3012 videtur.

346 3069 396 3141 Ex
424 3070 627 3165 posteriore
661 3081 763 3166 panta
796 3067 951 3140 cuiusvis
982 3065 1115 3165 ganglii
1146 3063 1222 3137 duo
1256 3061 1356 3136 uerri
1399 3064 1495 3164 (th.
1520 3065 1551 3138 1.
1579 3067 1666 3140 5.,6.
1698 3065 1736 3138 Τ.
1763 3063 1822 3153 U.)
1858 3069 2035 3145 oriuntur.

245 3192 381 3264 insitu
408 3191 561 3262 naturali
586 3190 626 3262 bi
653 3191 753 3264 nervi
785 3192 1001 3264 amuscrslis
1032 3187 1169 3287 pedum
1200 3188 1405 3260 minoribus
1438 3189 1593 3260 omnino
1629 3191 1850 3287 obtegtmtur
1879 3198 1922 3276 (v.
1946 3195 2034 3294 mg.

242 3312 272 3386 1.
299 3307 349 3398 4.)
373 3335 467 3406 nec,
493 3312 562 3384 nisi
588 3312 628 3387 hi
655 3327 910 3407 removentur,
944 3315 983 3384 in
1010 3323 1245 3407 conspectum
1271 3311 1431 3382 veniunt„
1483 3306 1653 3382 Anterior
1677 3313 1810 3384 borum
1838 3339 2035 3390 nervorum

82 3419 85 3430 ’
244 3449 281 3506 et
306 3435 460 3508 crassior
485 3435 580 3534 (Frg.
605 3436 636 3508 1.
648 3437 729 3508 bb
750 3436 789 3508 Τ.
816 3435 988 3536 thJV.
1011 3435 1062 3518 Τ.)
1084 3455 1159 3504 una
1185 3454 1268 3504 cum
1294 3432 1458 3503 musculo
1484 3455 1597 3529 parvo
1622 3434 1661 3505 in
1687 3433 1821 3530 pedem
1845 3435 2037 3513 descendit
2122 3442 2124 3452 '

246 3581 316 3630 nec
340 3557 379 3628 in
406 3557 607 3632 abdomine
633 3559 714 3654 ipso
741 3579 861 3636 ramos
887 3557 1031 3630 emittit.
1093 3557 1134 3626 ln
1158 3542 1255 3652 pede'
1281 3554 1389 3626 etiam
1416 3554 1516 3626 hunc
1547 3557 1751 3630 musculum
1776 3561 1967 3656 sequitur,
1998 3577 2036 3635 et

244 3679 390 3755 duobus
411 3681 521 3754 ramis
540 3681 741 3754 maioribus
767 3683 862 3782 (th.
890 3681 965 3754 IV.
980 3685 1023 3769 1.)
1047 3677 1095 3754 ad
1121 3679 1302 3752 musculos
1325 3677 1468 3750 medios
1492 3679 1602 3774 primi
1627 3679 1732 3775 pedis
1757 3683 1897 3756 articuli
1924 3689 2035 3758 emis-

242 3802 303 3896 sis,
330 3826 469 3876 nervus·
488 3804 567 3900 ipse
592 3805 631 3876 in
655 3805 761 3902 pedis
787 3805 976 3877 articulum
1002 3800 1202 3875 secundum
1228 3799 1396 3896 procedit
1427 3813 1464 3872 et
1488 3803 1647 3874 ramulos
1678 3807 1885 3901 complures
1910 3809 2034 3882 mino-

244 3948 302 3997 res
328 3922 496 4022 duosque
521 3930 679 4001 maiores
711 3926 813 4011 libid.
841 3929 890 4011 1ι.)
921 3924 1092 3998 musculis
1122 3920 1446 4019 longitudinalibus
1477 3921 1641 4019 tradens,
1671 3929 1846 4000 arcuatim
1873 3928 2030 4006 adeum

213 4025 365 4120 'locum
391 4071 430 4122 se
456 4053 647 4144 convertit,
670 4075 746 4148 quo
770 4049 971 4122 branchiae
996 4045 1082 4144 pedi
1109 4043 1235 4118 affixae
1260 4059 1362 4138 sunt,
1387 4059 1424 4116 et
1448 4047 1653 4143 complures
1678 4052 1840 4124 ramulos
1862 4055 2032 4148 parrulos

242 4185 279 4244 et
303 4173 537 4246 tenuissimos
569 4171 670 4259 (ibid.
697 4178 733 4251 ἰ.)
768 4171 815 4246 ad
841 4172 1058 4265 branchias,
1098 4169 1294 4266 praecipue
1328 4183 1448 4242 entem
1485 4168 1534 4242 ad
1563 4172 1776 4244 branchiam
1808 4176 2028 4250 anteriorem

137 4331 143 4344 ‚
243 4295 386 4368 emittit.
412 4335 463 4354 -
495 4297 679 4368 Posterior
704 4297 849 4368 illorum
880 4319 1074 4368 nervorum
1108 4293 1291 4392 simulque
1318 4293 1484 4366 omnium
1509 4295 1728 4390 gracillimus
1754 4295 1896 4393 (thJ.
1923 4303 1957 4370 5.
1982 4298 2029 4376 U.

243 4417 328 4516 Frg.
353 4415 428 4490 IV.
447 4417 518 4512 U),
545 4419 608 4516 qui
633 4421 820 4516 propetab
848 4419 908 4490 illo
930 4416 1255 4515 modo,descripto
1282 4441 1302 4488 c
1326 4417 1470 4515 ganglio
1501 4416 1636 4512 oritur,
1660 4419 1721 4490 'ita
1745 4430 1786 4489 ut
1810 4417 1886 4493 duo
1914 4421 2030 4496 inter-

242 4539 330 4614 durn
356 4564 432 4614 uno
455 4567 498 4614 ex
520 4543 707 4614 communi
734 4555 864 4614 trunco
891 4541 1015 4614 venire
1042 4541 1250 4635 videantur,
1285 4541 1418 4637 partim
1453 4537 1668 4638 ad'pcdum
1694 4543 1877 4614 musculos
1901 4545 1939 4618 in
1961 4547 2029 4620 ab·

242 4661 392 4736 domine
417 4665 527 4758 sitos,
550 4667 682 4762 partim
709 4665 846 4736 erlem
871 4665 910 4736 in
936 4664 1033 4762 pede
1056 4667 1136 4762 ipso
1161 4665 1251 4737 sitos
1276 4665 1446 4760 pertinet.
1496 4663 1693 4760 Margisem
1720 4665 1817 4736 enim
1843 4667 2028 4763 posterio-

242 4811 319 4858 rem
346 4801 536 4884 apcrturae
559 4787 684 4886 pedis,
718 4790 755 4861 in
779 4802 905 4864 ventre
927 4788 1041 4882 sitae,
1070 4801 1245 4886 sequutus
1270 4788 1309 4858 in
1334 4811 1475 4859 ramum
1499 4785 1725 4882 superiorem
1751 4787 1850 4890 (mg.
1876 4791 1905 4866 1.
1933 4797 1967 4864 5.
1994 4817 2025 4868 r.

166 4925 171 4932 ’
239 4909 325 5010 Fig.
352 4908 427 4984 IV.
454 4917 497 4997 r.)
521 4926 557 4984 ct
580 4910 790 4984 interiorem
817 4909 919 4997 (ibid.
943 4918 987 4995 s.)
1012 4909 1175 4998 finditur.
1223 4907 1398 5006 Superior
1420 4910 1487 4982 sub
1513 4908 1765 4983 membranam
1790 4913 2024 4987 tendinosam

242 5035 336 5134 (Εἰς.
346 5034 376 5108 1.
387 5034 453 5131 L),
473 5059 569 5134 quae
589 5035 705 5132 pedes
728 5037 928 5133 coniungit,
948 5059 990 5108 se
1006 5035 1120 5110 tlectit
1140 5047 1178 5108 et
1202 5031 1249 5106 ad
1275 5034 1456 5106 musculos
1480 5030 1585 5128 pedis
1609 5017 1761 5132 magnos
1787 5037 1883 5136 (erg.
1897 5036 1927 5110 1.
1953 5036 2024 5125 H.)

240 5183 279 5231 se
299 5158 451 5252 oonbst,
476 5181 635 5255 quorsun
659 5157 698 5252 in
721 5155 892 5231 fascinatio
916 5158 1104 5256 superiore
1131 5154 1225 5230 duos
1253 5158 1412 5232 mmsrlos
1444 5154 1590 5230 emittit.
1648 5159 1781 5232 ilamus
1809 5160 2026 5258 inferioris
