4786 6002
1012 713 1044 728 ..
1125 671 1380 752 ..24-

360 865 497 940 viorem
523 863 837 962 cephalotboracis
867 859 1129 962 transgreditui
1149 879 1198 936 et
1228 887 1350 938 veroin
1372 861 1525 936 labrum
1557 854 1756 932 denarrans
1781 853 2038 930 otan:''summo
2063 879 2148 930 san·

359 989 582 1084 guinisrivo
609 987 768 1062 confiuit
796 988 898 1060 ·lloc
919 987 1036 1062 modo
1063 989 1250 1062 ventriculi
1277 985 1467 1085 processus
1497 979 1699 1081 glandulosi
1733 979 1906 1050 omnibus
1939 981 2147 1076 apartibus

358 1112 537 1208 sanguine
561 1109 843 1183 circumdantur.
874 1147 922 1166 ·-
954 1109 1290 1210 Sanguinis'autem
1315 1106 1655 1186 circuitum-revera
1680 1099 1860 1174 eiusmodi
1885 1101 2146 1194 ossepiterum

331 1287 339 1298 .
360 1235 568 1330 complures
594 1233 815 1305 confirmant
842 1235 1134 1328 observationes,
1159 1235 1319 1331 primum
1343 1233 1445 1305 eninr
1471 1225 2030 1326 mbrg0··'membranacens,.qui
2057 1245 2147 1295 ovai-

358 1356 415 1426 los
436 1354 650 1450 circumdat,
676 1358 879 1428 viventibus
903 1357 942 1426 in
967 1357 1184 1428 animalibus
1209 1355 1333 1426 colore
1358 1378 1435 1426 non
1459 1353 1582 1462 nigro,
1607 1347 1881 1421 utsohaefer
1905 1347 2145 1430 (to-'lanu

356 1476 482 1572 Figl.)
507 1502 592 1550 euvn
619 1478 795 1575 depinxit,
820 1478 885 1554 sed
909 1480 1023 1550 rubro
1047 1479 1106 1552 vcl
1128 1480 1329 1576 sanguineo
1354 1489 1420 1570 est,
1446 1489 1483 1546 et
1505 1475 1621 1544 siant
1645 1472 1708 1543 bic
1726 1485 1857 1567 margo
1883 1483 1947 1542 aut
1967 1481 2146 1542 testacei

355 1600 630 1696 phalnthoracis
656 1627 722 1676 acu
749 1601 911 1701 quodam
929 1601 1096 1695 laeditur,
1120 1603 1264 1698 sanguis
1281 1599 1400 1673 'ruber
1420 1595 1658 1670 vehementer
1674 1593 1890 1668 effunditur:
1913 1607 1993 1664 tum
2011 1593 2051 1665 in
2066 1593 2145 1664 ani-

356 1723 515 1795 malibus
541 1717 757 1796 iu'venilibus
781 1725 848 1797 sub
875 1727 1120 1822 microsoopio
1150 1725 1225 1798 hoo
1254 1725 1293 1798 in
1323 1722 1497 1819 margine
1514 1719 1641 1817 usqlris
1665 1717 1859 1790 intervallis
1883 1717 2084 1788 contractio
2110 1727 2148 1787 et

356 1845 540 1937 extensio,
564 1846 761 1942 pulsationi
788 1845 933 1940 similis,
957 1847 1187 1932 observatur,
1224 1850 1288 1944 qui
1314 1855 1437 1920 motus
1459 1843 1630 1918 musculis
1654 1842 1723 1914 illis
1749 1837 1897 1912 radiatis
1922 1837 2017 1912 effici
2042 1837 2146 1912 vide·

355 1979 426 2038 tur.
478 1967 646 2064 Denique
669 1967 798 2040 iisdem
826 1971 865 2040 in
892 1969 1110 2041 animalibus
1145 1972 1285 2069 optime
1312 1969 1471 2068 perspici
1505 1968 1607 2061 licet,
1639 1966 1823 2062 sanguinis
1853 1965 2066 2067 corpuscula
2103 1987 2145 2035 ex

357 2104 512 2187 utraque
537 2105 651 2188 parte.
664 2093 759 2162 oculi
785 2092 976 2164 anterioris
1001 2095 1174 2189 propulsa
1199 2093 1314 2166 modo
1341 2091 1524 2188 descripto
1550 2085 1747 2162 decuirere
1770 2085 1875 2172 (Tot.
1889 2088 1940 2160 112
1960 2088 2044 2186 rig.
2057 2087 2145 2164 ΧΗ.

356 2213 426 2298 Aa.
466 2213 540 2286 Nec
565 2213 820 2310 negligendum
850 2215 1002 2308 videtur,
1026 2214 1127 2288 huno
1151 2217 1335 2314 sanguinis
1360 2239 1504 2286 cursum
1531 2213 1688 2284 maxime
1712 2212 1868 2284 similem
1895 2235 1975 2282 esse
1997 2211 2145 2306 sangui-

355 2337 412 2407 nis
438 2337 478 2407 in
503 2335 689 2408 branchiis
714 2337 900 2432 circuitui,
933 2363 1007 2436 qua
1033 2363 1075 2410 cx
1108 2364 1148 2411 re
1174 2337 1344 2411 concludi
1372 2339 1509 2434 possit,
1545 2336 1612 2408 has
1644 2357 1796 2436 quoquc
1829 2333 2145 2431 cephalotboraois

356 2471 478 2554 partes
499 2471 611 2530 strato
635 2461 850 2532 tenuissimo
883 2461 1046 2533 eiusdem
1071 2485 1233 2556 massae,
1262 2485 1358 2558 quae
1387 2459 1582 2532 brancbias
1613 2458 1828 2555 componit,
1867 2459 2029 2530 obtectas
2055 2479 2145 2550 csse,

355 2601 452 2674 quae
478 2580 606 2676 opinio
634 2595 671 2653 et
696 2583 773 2654 aliis
799 2585 1114 2657 observationibus
1136 2597 1173 2656 et
1196 2584 1473 2682 quaestionibus
1499 2582 1713 2655 anatomicis
1748 2581 1957 2657 confirmari
1987 2577 2143 2652 udatur.

398 2719 580 2783 Annotutio:
612 2721 683 2784 Tam
709 2723 884 2804 imperfecto
913 2727 945 2788 in
966 2733 1127 2807 systemate
1148 2743 1289 2789 vasorum
1311 2728 1445 2789 minores
1466 2725 1628 2788 varietates
1659 2725 1818 2806 sanguinis
1849 2723 1990 2785 circuitus
2019 2723 2144 2804 reperiri

353 3003 359 3016 ,
439 2937 590 3019 descripto
613 2939 693 3004 bunc
713 2941 890 3006 observavi:
913 2942 1187 3026 Rivulisanguinis‚
1203 2943 1253 3024 qui
1273 2943 1348 3006 alias
1370 2961 1409 3006 ex
1430 2950 1557 3024 utraque
1576 2948 1663 3024 parte
1686 2941 1766 3006 omli
1786 2941 1994 3006 rudimentnril
2014 2955 2147 3022 progre-

440 3044 578 3125 diuntur,
601 3046 860 3112 desiderabantur.
904 3051 1014 3114 contra
1034 3052 1190 3134 sanguinis
1214 3050 1412 3132 corpuscula,
1446 3067 1523 3140 quae
1552 3050 1689 3132 margine
1716 3050 1750 3128 in
1778 3055 1904 3114 externo
1934 3046 2144 3110 branchiamm

439 3153 516 3214 scuti
537 3153 691 3216 redierunt
710 3174 782 3236 non,
805 3165 836 3218 ut
854 3158 918 3221 lieri
941 3159 1029 3244 solet,
1051 3161 1128 3222 scuti
1149 3157 1215 3222 basi
1239 3159 1277 3221 ad
1300 3176 1410 3242 corpus
1430 3177 1464 3222 se
1484 3159 1660 3239 vertebant,
1696 3157 1752 3222 sed
1772 3159 1871 3220 statim
1893 3157 1924 3220 in
1947 3161 2062 3238 partem
2088 3171 2146 3218 ce·

318 3255 320 3260 ’
437 3259 665 3342 plvolothoracis
687 3264 868 3326 anteriorem
894 3272 1107 3350 tramgrcssa,
1128 3265 1166 3328 ab
1187 3271 1314 3346 utroque
1334 3267 1429 3330 latere
1452 3265 1541 3330 oculo
1564 3267 1709 3332 anteriori
1731 3266 1919 3346 affluebant,
1934 3271 1966 3330 ut
1987 3265 2146 3348 sanguinis

443 3367 508 3430 rivo
530 3386 644 3432 suvnrno
663 3372 927 3454 coniungerentur.
1989 3368 1993 3378 ’
2035 3363 2040 3372 ’

456 3541 485 3616 §-
513 3541 574 3610 21.
625 3537 831 3640 Sanguinis
860 3567 930 3642 por
963 3543 1107 3620 labrum
1137 3563 1173 3622 ct
1206 3551 1246 3618 in
1278 3551 1433 3624 cavitate
1462 3546 1675 3624 abdominis
1707 3549 1746 3622 in
1767 3552 1889 3623 err'ore
1923 3569 2065 3622 cursus.
2097 3577 2144 3600 -·

356 3657 432 3730 lani
459 3663 643 3758 sanguinis
668 3690 811 3738 cursum
839 3692 950 3762 porro
973 3653 1247 3766 persequamur.
1300 3667 1440 3742 Canalis
1461 3670 1519 3742 ille
1544 3673 1866 3766 membranaceus,
1893 3671 1956 3767 qui
1983 3670 2030 3746 ab
2055 3692 2147 3742 ocu-

354 3783 398 3854 lis
422 3796 459 3855 et
484 3799 568 3858 ante
595 3789 843 3888 oesophagum
870 3790 1081 3880 descendit,
1107 3794 1147 3866 in
1172 3795 1337 3891 corporis
1362 3807 1465 3890 parte
1489 3795 1641 3869 ventrali
1666 3819 1784 3891 prope
1812 3807 1896 3866 ante
1920 3792 2057 3868 labium
2084 3815 2145 3864 su·

284 3943 294 3961 ·
335 3905 479 4000 ‚perius
502 3908 576 3979 exit
600 3907 704 3992 (Tot.
720 3911 770 3986 II.
796 3913 881 4013 Fig.
902 3915 1018 3990 XVI.
1035 3915 1143 3990 XIX.
1162 3917 1277 3990 XIV.
1290 3917 1372 4018 Q),
1408 3919 1473 4015 qui
1507 3919 1608 3992 locus
1639 3931 1789 4000 ,citerna
1823 3919 1976 3990 intesta
2005 3916 2145 3990 macula

356 4025 516 4123 quadam
539 4029 636 4104 lutea
663 4047 699 4104 ct
722 4036 931 4108 semiluoari
957 4039 1177 4136 significatus
1203 4054 1265 4114 est.
1316 4041 1509 4138 Sanguinis
1538 4043 1634 4116 rivus
1665 4041 1767 4114 bunc
1797 4067 1864 4138 per
1889 4040 2050 4114 canalem
2077 4037 2145 4110 de-

351 4173 492 4244 gressus
516 4150 563 4224 ad
587 4155 791 4249 posteriora
815 4161 976 4253 vertitur,
1001 4175 1039 4234 et
1063 4162 1204 4235 labmm
1230 4165 1340 4236 intrat
1364 4161 1529 4250 (Tatll.
1554 4163 1840 4263 Fig.XIV.Bl.
1886 4165 1951 4236 Hic
1976 4175 2145 4236 constru-

353 4273 426 4346 ctio
449 4277 600 4372 propria
626 4303 697 4372 nec
720 4278 903 4354 dissimilis
928 4284 986 4378 ei,
1022 4309 1134 4381 quam
1159 4286 1200 4362 io
1226 4286 1425 4362 abdomine
1452 4287 1701 4386 cognovimus,
1723 4288 1913 4384 reperitur.
1975 4287 2019 4358 llt
2038 4287 2144 4358 enim

353 4397 484 4470 cavitas
509 4398 720 4476 abdominis
745 4405 959 4480 membrana
985 4408 1023 4482 in
1049 4406 1139 4481 duas
1165 4411 1334 4484 cavitates
1359 4409 1556 4506 dividitur,
1589 4413 1639 4486 ita
1665 4413 1704 4486 in
1728 4412 1830 4484 labro
1859 4435 2010 4508 quoque
2035 4409 2144 4480 simili

354 4519 567 4596 membrana
595 4523 699 4612 (ibid.
726 4527 794 4615 N.)
830 4529 962 4604 cavitas
992 4533 1159 4628 superior
1192 4535 1239 4606 ab
1267 4533 1440 4608 inferiore
1476 4536 1686 4632 seiungitur·
1738 4537 1833 4608 llaec
1866 4537 2080 4608 membrana
2104 4532 2144 4604 in

354 4642 514 4739 margine
539 4650 721 4722 anteriore
747 4651 836 4724 labri
865 4678 981 4750 prope
1007 4657 1102 4728 illius
1126 4657 1259 4729 canalis
1286 4659 1420 4730 ostium
1446 4659 1586 4752 oritur,
1619 4673 1655 4734 et
1679 4661 1841 4756 margine
1871 4673 2030 4755 utroquo
2055 4657 2145 4730 late·

349 4764 412 4838 rati
441 4769 612 4840 musculis
634 4772 674 4842 in
699 4773 873 4848 inferiore
897 4777 1212 4874 cephalotboraois
1238 4793 1340 4874 parte
1363 4781 1440 4852 sitis
1466 4779 1572 4871 (ibid.
1601 4783 1641 4856 Τ.
1673 4781 1717 4856 U.
1749 4781 1812 4870 V.)
1833 4795 1936 4854 arcte
1962 4779 2144 4872 adiacens,

348 4887 599 4986 compluribus
624 4892 763 4968 laciniis
787 4913 824 4972 et
849 4901 944 4972 labri·
966 4903 1188 4998 marginibus
1219 4903 1425 4978 lateralibus
1452 4917 1488 4979 et
1513 4907 1668 5003 margini
1691 4905 1889 5003 posteriori
1916 4917 2047 4976 asserta
2071 4917 2138 4976 est.

347 5007 478 5084 Multae
505 5013 613 5110 igitur
638 5021 940 5116 emarginationes
966 5023 1021 5096 vel
1047 5023 1147 5096 sinus
1166 5022 1241 5096 hoc
1267 5023 1381 5098 modo
1405 5041 1681 5124 componuntur
1716 5027 1922 5123 (iluna,
1939 5053 2032 5124 par·
2048 5049 2145 5124 qrios

345 5129 438 5204 labri
465 5136 597 5210 cavitas
622 5143 791 5239 superior
815 5169 898 5218 curn
925 5144 1096 5224 interiore
1122 5148 1318 5224 coniuncta
1341 5162 1404 5225 est
1457 5151 1651 5226 Foramina
1676 5152 1860 5249 quaedam
1882 5153 2019 5250 parva,
2046 5164 2143 5248 quae
