4786 6002
308 883 313 894 ‘
410 877 440 954 §-
467 866 528 943 48.
581 865 749 964 Denique
775 861 887 962 pedes
912 877 1197 940 commutantur·
1226 863 1354 946 'Pedes
1379 863 1576 955 thoracici,
1601 861 1666 960 qui
1693 886 1806 959 quum
1835 859 1967 932 animal
1995 883 2102 930 ovum

310 998 555 1092 relinqueret,
588 1011 720 1087 corpus
744 985 975 1085 longitudine
1000 989 1246 1085 superabant,
1281 1015 1359 1063 non
1388 1009 1505 1083 aeque
1541 1009 1583 1057 ac
1618 997 1759 1056 ceterae
1793 983 1960 1082 corporis
1984 995 2106 1079 partes

312 1131 491 1212 crescunt,
515 1114 580 1188 sed
606 1129 766 1187 extrema
790 1111 861 1183 hac
887 1110 1104 1184 evolationis
1130 1109 1286 1208 periodo
1312 1110 1385 1180 iam
1417 1107 1476 1179 rix
1502 1131 1521 1177 e
1546 1119 1637 1177 testa
1661 1103 1998 1215 prominent'OEe'g.
2016 1101 2102 1174 XX.

310 1239 362 1313 A.
388 1239 451 1323 a).
504 1237 548 1308 Et
573 1235 773 1308 anteriores
800 1235 1032 1306 eordm'non
1056 1234 1175 1307 solum
1210 1229 1295 1302 setis
1317 1227 1391 1300 lere
1426 1225 1552 1298 nudati
1589 1237 1673 1297 sunt
1704 1223 1771 1298 sed
1803 1225 1913 1296 etiam
1936 1223 2106 1294 articula·

307 1361 413 1432 tione
439 1357 578 1450 media,
610 1379 705 1454 quae
732 1380 831 1428 nunc
856 1354 1006 1428 demum
1032 1357 1183 1428 existere
1208 1350 1372 1443 videtur,
1405 1371 1485 1420 eam
1513 1347 1667 1419 formam
1694 1347 1901 1454 accipiunt,
1927 1369 2022 1442 quae
2048 1343 2108 1416 bis
2168 1408 2177 1426 ‚

307 1482 472 1578 partibus
498 1480 538 1550 in
560 1476 692 1550 adultis
725 1477 943 1549 animalibus
969 1489 1036 1550 est.
1101 1475 1216 1549 Pedes
1246 1467 1605 1570 posteriores-(ibid
1633 1469 1686 1555 B.)
1727 1491 1900 1566 quoque,
1938 1467 2104 1564 quamvis

307 1601 429 1678 adhue
455 1591 597 1674 fortiter
617 1611 654 1670 et
679 1579 916 1671 schementer
941 1601 987 1672 ab
1013 1591 1160 1673 animali
1191 1610 1409 1689 morentur,
1435 1598 1509 1668 iam
1536 1592 1761 1666 decrescunt.
1813 1589 1947 1662 Contra
1965 1588 2101 1688 pedum

306 1719 599 1822 abdominolium
626 1745 703 1792 non
727 1721 846 1793 solum
883 1743 1013 1792 omnes
1038 1722 1263 1815 anteriores,
1300 1723 1364 1819 qui
1402 1719 1524 1793 adhuc
1553 1718 1670 1790 forma
1701 1717 1869 1790 breviore
1905 1728 1941 1787 et
1974 1718 2102 1788 latiore

297 1828 432 1941 'esaum
465 1845 648 1943 longiores
673 1855 709 1914 et
733 1843 940 1940 graciliores
965 1841 1077 1935 fiunt,
1106 1855 1143 1914 et
1168 1843 1272 1916 chela
1299 1842 1485 1942 quadam,
1511 1823 1740 1941 processibus
1764 1839 1910 1912 duobus
1936 1841 2104 1912 extremis

308 1969 536 2067 composita,
571 1968 820 2058 instruuntur,
853 1963 919 2037 sed
944 1965 1052 2036 etiam
1076 1973 1238 2064 primum
1257 1969 1331 2064 par
1358 1966 1510 2062 proprio
1538 1962 1653 2036 modo
1679 1977 1936 2035 commutatur.
1988 1959 2103 2054 Quod

307 2095 337 2166 si
362 2093 436 2164 lere
463 2093 560 2164 illam
584 2091 742 2163 ¹formam
769 2089 944 2186 adeptum
970 2103 1042 2183 est,
1077 2071 1188 2187 quam
1215 2089 1325 2162 ceteri
1352 2089 1465 2186 pedes
1491 2111 1636 2185 semper
1661 2087 1821 2159 retinent
1847 2085 1946 2188 (Εἰς.
1960 2084 2041 2158 XV
2045 2087 2103 2181 I.),

305 2217 468 2312 primurn
493 2236 622 2285 omnes
649 2211 860 2307 processus,
888 2227 1038 2311 excepta
1063 2239 1176 2307 coxa,
1207 2213 1302 2307 apici
1327 2212 1461 2285 sensim
1489 2211 1850 2310 appropinquantur,
1884 2222 1921 2281 et
1942 2208 2103 2307 longitu-

306 2337 395 2411 dine
420 2337 516 2408 aucti
541 2349 699 2406 setarum
729 2334 881 2405 formam
909 2337 1244 2435 articulationisque
1266 2335 1453 2410 cuiusdam
1471 2335 1629 2433 speciem
1646 2333 2104 2434 imitanturlFig.XXII.),

305 2474 386 2533 tum
411 2469 535 2531 autem
561 2481 689 2529 eorum
712 2457 851 2554 primus
877 2471 914 2530 et
938 2459 1033 2559 apici
1058 2462 1258 2559 proximus,
1285 2460 1356 2560 qni
1377 2459 1498 2532 adhuc
1523 2471 1599 2530 erat
1623 2456 2104 2555 longissimus,;decrcscers

314 2583 437 2680 coepit
463 2578 571 2674 (ibid.
598 2581 674 2667 na).

287 2998 291 3006 1
378 2927 410 2988 Α
427 2925 679 2984 sumanus
694 2928 793 2996 μή·
812 2927 951 2994 pedm
968 2926 1241 2982 thorumoma
1256 2928 1410 2987 secund!
1427 2939 1545 2996 usqne
1563 2930 1614 2982 orl
1631 2927 1868 2998 nocem-lt
1878 2939 2032 2980 ovorum

996 3051 1139 3102 exter-t
1158 3046 1421 3102 ovolntloncm·
2050 3003 2054 3012 ¹

977 3235 1036 3288 aas.
1059 3235 1105 3288 IV.
1132 3235 1186 3306 1³³9.
1208 3233 1341 3289 XXIII·
1352 3233 1446 3287 XXXI.
1533 3271 1539 3280 .

409 3439 440 3518 §L
467 3431 528 3507 49.
580 3435 778 3531 Postquam
802 3431 938 3530 pedum
962 3430 1254 3506 abdominolium
1276 3436 1436 3531 prunum
1459 3458 1534 3531 por
1566 3459 1608 3506 ea
1640 3437 1803 3527 ratione,
1837 3459 1950 3532 quarn
1988 3435 2103 3508 modo

309 3559 580 3656 descripsimus,
605 3571 870 3630 commutatum
898 3571 964 3649 est,
979 3571 1055 3626 tum
1078 3554 1194 3654 pedes
1217 3557 1402 3630 tleoraeici
1424 3561 1585 3632 maiores
1610 3581 1758 3654 prorsus
1784 3557 2012 3651 decrescunt,
2038 3557 2105 3630 de·

308 3681 522 3773 bilitantur,
559 3679 643 3752 setis
682 3677 866 3752 nudantur
897 3691 933 3750 et
968 3677 1127 3775 languidi
1166 3680 1313 3775 corpori
1345 3680 1610 3754 adhaerescunt
1647 3683 1742 3782 (Fig.
1761 3681 1915 3754 XXIV.
1939 3682 1983 3756 B.
2015 3683 2103 3778 Frg.

308 3791 511 3896 XXVII),
542 3815 583 3886 nt
617 3827 691 3874 una
715 3827 799 3874 crim
825 3814 918 3874 testa
944 3801 1188 3898 deponantur.
1250 3803 1308 3874 Bis
1342 3817 1483 3877 tantum
1519 3805 1725 3880 rudimenta
1762 3803 1890 3880 eorum
1922 3807 2032 3880 etiam
2067 3809 2105 3878 in

308 3927 440 4007 adultis
467 3926 683 4014 animalibus
714 3925 833 4021 reperi
868 3923 975 4010 (Tab.
995 3926 1031 3996 Ι.
1052 3925 1137 4021 Fig.
1159 3923 1209 3998 V.
1236 3925 1302 4006 Ba.
1361 3929 1722 4026 lutereaprocessus
1748 3954 1900 4027 quoque
1927 3943 2106 4006 extremus

310 4057 417 4154 paris
439 4047 575 4152 pedum
602 4047 892 4124 abdominolium
919 4053 1036 4148 primi
1067 4047 1180 4143 magis
1214 4045 1391 4122 decrescit
1417 4053 1511 4152 (Fig.
1533 4053 1726 4125 XXVIII.
1744 4058 1802 4138 en.)
1840 4053 1978 4124 neonisi
2004 4052 2107 4126 rudi·

314 4189 493 4269 mentum,
519 4171 755 4246 eminentiam
783 4195 930 4267 parram
954 4171 1070 4242 lorma
1096 4183 1213 4264 ovata,
1240 4173 1425 4270 relinquit.
1475 4178 1566 4250 Tum
1594 4178 1742 4272 animal,
1768 4190 1841 4250 tra
1865 4178 1921 4248 rel
1949 4189 2107 4273 quatuor

311 4300 430 4372 lineas
449 4299 596 4395 longum
624 4295 946 4395 (Fig.XXIII.n.),
969 4293 1002 4364 ei
1023 4293 1141 4364 simile
1167 4307 1240 4388 est,
1275 4297 1378 4392 quod
1403 4299 1640 4372 Schaeller
1665 4303 1688 4372 l.
1714 4325 1745 4376 c.
1771 4300 1857 4372 Tab.
1875 4301 1914 4372 V.
1948 4301 2018 4398 rig.
2032 4299 2105 4372 llll.

314 4423 500 4514 depinxit,
532 4420 596 4492 sed
624 4420 692 4492 hac
716 4443 756 4492 re
782 4417 1056 4490 observationes
1089 4440 1165 4489 non
1197 4421 1439 4494 consentiunt.
1497 4421 1745 4494 Scbaeller
1779 4423 1851 4494 iam
1886 4423 2019 4518 quinto
2045 4420 2105 4494 die

315 4546 485 4620 animalia
511 4545 607 4616 bano
634 4539 925 4641 magnitudinem
951 4537 1102 4634 adipisci
1119 4537 1231 4632 dicit,
1256 4556 1397 4638 contra,
1422 4546 1635 4642 priusquam
1660 4546 1830 4618 animalia
1855 4569 1876 4617 a
1903 4563 1962 4616 me
1978 4546 2108 4618 obser·

311 4684 392 4746 rata
413 4668 461 4744 ad
487 4670 581 4742 hano
607 4666 804 4764 perlectam
830 4662 996 4760 eorporis
1022 4664 1175 4738 lormam
1204 4668 1447 4764 pervenirent,
1473 4693 1618 4767 semper
1635 4669 2011 4767 quatuordecimdcrs
2026 4669 2107 4746 dies
2188 4752 2194 4766 ‚

313 4794 589 4894 praeterierunt·
1556 4857 1562 4864 .

411 4922 457 4994 Ut
479 4915 661 4991 secundae
687 4911 905 4986 evolationis
931 4909 1074 5008 periodi
1102 4913 1229 5006 initio,
1259 4937 1384 5011 ⁵quum
1408 4916 1516 5011 primi
1543 4915 1658 5014 pedes
1683 4915 1935 4991 abdomiualos
1961 4911 2105 4993 evolve·

311 5025 451 5136 rentur,
473 5038 665 5114 oculorum
688 5037 978 5132 compositorum
1005 5033 1209 5129 primordia
1230 5021 1499 5134 apparuerunt,
1525 5041 1572 5112 ita
1598 5065 1694 5114 nunc
1720 5040 1821 5114 illius
1842 5041 1985 5137 portis,
2012 5055 2108 5136 quae

311 5163 429 5264 vulgo
454 5162 584 5238 oculus
609 5159 771 5260 simplex
796 5161 1017 5246 nominatur,
1040 5157 1289 5256 primordium
1317 5163 1477 5234 cernitur
1503 5163 1597 5264 [Εἰς.
1618 5163 1766 5236 XXIII.
1781 5163 1849 5264 Qd.
1901 5156 2106 5234 Emiuemia
