4786 6002
1065 688 1293 820 5⁵,-

269 862 450 944 tudinales
474 876 652 948 ventrales
676 887 733 948 tot
758 874 907 952 ordines
931 879 1187 958 fasciculorum
1214 896 1437 956 transversos
1463 898 1713 982 componunt,
1745 901 1837 984 quot
1869 887 1985 985 pedes
2007 889 2065 962 in·

275 1007 481 1068 veniuntur·
1419 1021 1422 1028 ⁴
1990 1098 1993 1106 ‚

369 1119 456 1190 Pars
477 1117 629 1200 dorsalis
652 1137 691 1196 ct
710 1137 787 1197 tota
810 1127 871 1198 illa
895 1151 980 1224 pars
1006 1127 1239 1226 abdominis,
1266 1151 1361 1229 quae
1384 1103 1596 1201 nnuosren
1619 1129 1752 1226 pedes,
1772 1134 1894 1228 parvis
1914 1159 2061 1208 muscu-

270 1245 390 1317 lorum
416 1245 591 1318 fasciculis
616 1249 940 1345 longitudinalibus
965 1251 1337 1356 (Tab.1.F1·g.I.c.)‚
1362 1255 1426 1352 qui
1453 1255 1548 1326 inter
1572 1253 1681 1326 binos
1707 1253 1915 1328 abdominis
1940 1279 2060 1330 aunu-

267 1365 322 1438 los
347 1367 585 1464 plicistestae
609 1371 813 1444 tendinosis
832 1365 910 1445 sese
942 1375 1128 1472 inserunt,
1157 1402 1307 1475 prorsus
1331 1378 1457 1450 vestita
1482 1389 1547 1447 est.
1599 1376 1640 1447 ln
1666 1377 1808 1449 aunrrlis
1832 1389 1973 1450 tantum
1997 1403 2059 1452 sex

268 1493 324 1564 rel
350 1507 489 1590 septem
516 1496 757 1568 anterioribus
782 1498 822 1570 bi
848 1501 1002 1572 musculi
1027 1499 1203 1584 fasciculis
1225 1504 1344 1599 planis
1370 1515 1406 1572 et
1428 1497 1707 1595 obliquislTab.
1717 1499 1745 1572 I.
1772 1498 1970 1598 Fig.I·A.)
1988 1480 2059 1574 cb·

207 1611 214 1628 ’
265 1631 454 1714 teguntur,
482 1620 547 1716 qui
573 1645 614 1691 ex
639 1621 839 1695 abdomine
864 1625 903 1696 iri
929 1625 1275 1722 cephalotboracem
1302 1621 1481 1720 progressi
1507 1621 1616 1692 buius
1639 1622 1696 1692 rel
1722 1621 1902 1716 superiori
1927 1623 2056 1719 parieti

265 1742 323 1811 rel
348 1741 519 1815 lateribus
544 1745 769 1842 inseruntur3
801 1747 927 1820 medio
962 1761 1096 1820 autem·
1118 1749 1157 1822 in
1183 1746 1294 1824 dorso
1327 1746 1422 1816 inter
1457 1767 1520 1816 cos
1544 1745 1645 1816 locus
1671 1746 1841 1818 musculis
1864 1744 2056 1820 destitutus

264 1863 495 1961 relinquitur,
521 1867 560 1938 iu
586 1891 661 1964 quo
689 1871 766 1966 ipsa
792 1871 860 1942 sub
886 1884 977 1944 testa
1002 1894 1067 1943 cor
1090 1873 1199 1942 situm
1227 1873 1292 1941 'est-
2154 1847 2160 1860 ’

365 1955 414 2056 Ei
450 1985 651 2059 abdomine
683 1991 735 2062 in'
754 1989 867 2087 pedes
898 1993 936 2063 in
970 1992 1132 2088 margine
1166 2018 1294 2066 eorum
1330 2007 1366 2064 et
1399 1990 1588 2088 superiore
1623 2003 1661 2062 et
1693 1989 1865 2064 inferiore
1899 1994 2056 2066 musculi

262 2109 501 2183 descendunt.
520 2149 565 2163 -
581 2115 686 2185 Parte
712 2115 863 2211 quidem
890 2118 928 2187 in
954 2116 1135 2186 anteriore
1158 2115 1368 2187 abdominis
1389 2115 1486 2186 inter
1510 2113 1693 2186 musculos
1718 2111 1879 2206 dorsales
1905 2127 1942 2185 et
1965 2139 2056 2188 reu·

261 2233 368 2303 trales
393 2233 565 2305 lateribus
588 2237 754 2331 corporis
780 2239 902 2333 magui
926 2237 1079 2308 musculi
1104 2239 1296 2309 transuersi
1325 2235 1374 2308 ad
1399 2236 1513 2333 pedes
1540 2236 1766 2332 pertinentes
1789 2235 1895 2320 (Tasb-
1910 2239 1940 2312 Ι.
1966 2237 2054 2339 Fig.

259 2353 289 2426 I.
316 2353 384 2427 III.
400 2353 450 2432 H.
484 2356 649 2434 Tablll.
676 2359 760 2459 Fig.
777 2361 807 2432 Ι.
821 2359 894 2446 Η.)
921 2361 1019 2432 insiti
1045 2375 1140 2432 sunt.
1199 2361 1242 2431 lli
1266 2360 1411 2433 duobus
1438 2359 1688 2432 musciculis
1720 2359 1874 2432 fortibus
1899 2385 1976 2433 seso
1996 2375 2055 2434 ts-

160 2555 162 2562 s
259 2477 427 2571 gentibus
453 2483 649 2577 compositi
681 2484 748 2554 snb
775 2483 947 2554 musculis
977 2481 1304 2578 longitudinalibus
1329 2482 1533 2554 dorsalibus
1568 2484 1607 2554 iu
1633 2495 1780 2554 externo
1807 2484 1972 2578 corporis
1996 2498 2053 2554 te·

258 2613 433 2693 gumento
462 2602 630 2674 oriuntur
655 2616 692 2674 ct
716 2603 905 2698 superiore
928 2602 1067 2700 pedum
1095 2605 1134 2676 iu
1157 2605 1320 2701 margine
1346 2605 1385 2674 iu
1409 2626 1472 2674 eos
1497 2600 1735 2674 descendunt.
1773 2603 1823 2676 Eo
1851 2580 1947 2696 loco,
1974 2629 2050 2702 quo

258 2745 301 2794 ex
327 2721 527 2797 abdomine
555 2728 594 2798 in
619 2727 790 2800 inferiora
816 2751 854 2800 se
874 2741 1037 2821 vertunt,
1073 2741 1204 2825 quarto
1232 2740 1269 2798 et
1294 2739 1454 2798 extremo
1482 2707 1730 2797 musculorum
1756 2725 1971 2798 ventralium
1998 2726 2052 2798 fa-

259 2844 394 2918 sciculo
415 2859 587 2944 teguntur
609 2861 645 2919 et
668 2873 751 2922 cum
777 2851 852 2924 hoc
876 2865 914 2923 et
938 2853 1111 2924 musculis
1136 2849 1255 2947 planis
1280 2849 1361 2919 latis
1387 2847 1548 2944 obliquis
1575 2843 1684 2935 (Tob.
1703 2847 1731 2920 I.
1752 2846 1933 2945 Fig.I.E.
1961 2845 2049 2921 Ταῦ.

259 2965 329 3038 ΙΙΙ.
356 2966 556 3066 Fig.I.E'.)
582 2983 619 3041 et
644 2971 814 3042 musculis
839 2974 958 3067 parvis
983 2972 1150 3046 rotundis
1176 2968 1488 3056 arcuatislTubJ.
1516 2969 1716 3068 Figtru
1744 2966 1931 3040 coniuncti
1956 2983 2050 3042 sunt.

259 3088 418 3187 Margine
443 3105 564 3164 autern
588 3094 727 3192 pedum
758 3097 794 3167 in
820 3096 992 3169 inferiore
1016 3096 1170 3169 musculi
1193 3094 1313 3190 parri,
1337 3093 1458 3188 plani,
1484 3089 1629 3165 dnobus
1653 3090 1830 3162 fasciculis
1851 3092 2048 3186 compositi
2131 3129 2144 3146 ·

259 3211 408 3296 (Tati.
435 3215 641 3313 Figura
675 3217 764 3292 Tau·
774 3219 842 3292 m.
859 3219 941 3320 Fig.
959 3220 988 3293 I.
1002 3217 1070 3305 1.),
1097 3219 1161 3316 qui
1185 3217 1314 3314 quovis
1340 3216 1378 3285 in
1395 3215 1529 3286 annulo
1550 3214 1617 3286 sub
1645 3212 2050 3287 musculisventralibus

253 3356 372 3431 prope
398 3337 518 3408 nodos
544 3361 738 3410 nervorum
766 3343 824 3411 siti
849 3356 946 3434 sunt,
972 3343 1010 3411 in
1036 3338 1151 3436 pedes
1175 3335 1416 3410 descendunt.

261 3481 264 3489 ·
354 3461 559 3533 Posteriora
584 3462 623 3531 in
645 3475 748 3557 parte
771 3461 979 3534 abdominis
1004 3484 1078 3534 una
1104 3485 1187 3534 cuns
1215 3457 1371 3555 pedibus
1395 3457 1435 3528 bi
1455 3480 1608 3555 quoque
1623 3457 1776 3528 musculi
1796 3453 2048 3552 magnitudine

254 3579 366 3675 magis
392 3583 581 3678 magisque
605 3583 872 3655 imminuuntur
897 3577 1367 3682 <Tat›.111.th.l.r.ls.)
1394 3592 1431 3650 et
1455 3579 1556 3674 parri
1584 3579 1758 3675 planique
1785 3601 1913 3648 eorum
1942 3577 2048 3649 fasci·

254 3703 324 3772 culi
355 3705 546 3775 transversi
579 3706 749 3776 musculis
781 3705 988 3780 lateralibus
1025 3729 1174 3802 prorsus
1213 3703 1349 3776 obtecti
1384 3713 1478 3772 sunt.
1543 3701 1692 3772 Musculi
1729 3713 1849 3772 autem
1884 3699 2045 3770 laterales

253 3822 396 3902 (Talnl.
426 3826 508 3924 Fe'g.
525 3827 553 3899 1.
571 3825 618 3899 G.
653 3825 739 3899 aab.
754 3826 822 3901 III.
840 3824 1048 3926 Figulat)
1073 3805 1326 3921 unicorpores
1352 3815 1396 3894 in'
1415 3835 1519 3919 parte
1546 3823 1720 3893 fasciculis
1745 3823 1899 3895 fortibus
1916 3846 1938 3892 a
1953 3845 2043 3892 ren·

251 3955 307 4012 tre
334 3943 369 4014 in
393 3947 595 4039 posteriora
622 3963 657 4018 et
683 3949 871 4044 superiora
897 3948 1048 4045 oblique
1064 3948 1344 4020 ascendentibus
1369 3957 1644 4040 componuntur
1677 3959 1713 4016 ct
1743 3947 1926 4016 musculos
1957 3941 2042 4013 lon-

249 4062 466 4158 gitudinales
488 4067 648 4141 dorsales
678 4084 715 4142 et
738 4071 914 4144 ventrales
928 4125 939 4166 ,
967 4085 1009 4146 ut
1038 4095 1146 4169 supra
1171 4070 1351 4163 diximus,
1376 4093 1453 4141 non
1476 4067 1609 4140 eodem
1636 4067 1750 4141 modo
1777 4069 1912 4140 divisos
1937 4068 2041 4137 inter

250 4209 288 4256 se
310 4190 549 4286 coniungunt.
1664 4209 1667 4216 ’
1927 4199 1929 4206 ‘

350 4311 497 4384 Praeter
528 4313 599 4386 hos
630 4317 839 4388 abdominis
869 4317 1050 4389 musculos
1076 4317 1230 4390 dirarum
1268 4319 1377 4390 etiam
1411 4317 1658 4390 musculorum
1692 4316 1866 4388 seriorum
1898 4313 2037 4386 mentio

248 4430 414 4506 iacienda
439 4447 503 4506 est.
562 4438 724 4510 Primum
760 4440 859 4510 cuim
890 4441 984 4512 inter
1015 4441 1124 4512 binos
1153 4443 1375 4513 anteriorum
1408 4437 1581 4512 undecim
1617 4439 1834 4510 annulorum
1870 4437 2035 4532 corporis

248 4554 287 4624 in
312 4558 483 4632 musculis
501 4557 825 4658 longitudinalibns
850 4563 1054 4636 dorsalibus
1080 4563 1188 4658 positi
1225 4565 1376 4636 musculi
1410 4560 1511 4659 parri
1538 4560 1728 4632 transversi
1759 4555 1915 4642 (Tabl.
1946 4558 2033 4656 Fig.

246 4676 344 4757 LK.)
372 4683 658 4778 conspiciuntur,
685 4709 843 4781 quorum
858 4688 1038 4784 quinque
1061 4687 1259 4788 anteriores
1284 4683 1537 4784 magnitudine
1561 4693 1756 4780 praestant.
1795 4679 1857 4750 His
1881 4680 2036 4751 laciniae

247 4791 714 4876 muscularesmembranae
739 4806 833 4877 illins
854 4807 1074 4902 inseruntur,
1100 4831 1195 4903 quac
1221 4811 1288 4880 sub
1315 4808 1428 4880 corde
1452 4821 1570 4880 totum
1596 4795 1664 4900 pir
1676 4800 1863 4876 abdomen
1889 4817 2035 4874 extensa

247 4932 301 4990 cst
325 4933 374 5012 ct,
398 4921 427 4991 si
454 4921 502 4994 de
527 4947 694 4997 rasorum
715 4917 913 5025 ¹systemate
938 4951 1097 5026 egenam,
1122 4929 1329 5024 diligentius
1355 4928 1590 5002 describetur.
1640 4925 1731 5002 Tum
1757 4937 1880 4996 autem
1906 4933 2035 4993 notatu
2072 4995 2075 5002 ,

246 5038 346 5136 digni
373 5055 410 5113 et
434 5059 587 5142 propter
611 5050 850 5122 insertionem
885 5063 921 5121 et
944 5063 1097 5147 propter
1127 5075 1232 5122 usum
1268 5051 1343 5124 dno
1376 5047 1525 5123 ordines
1553 5046 1799 5120 musculorum
1833 5067 2031 5140 parvorum

244 5171 341 5254 stant,
364 5163 428 5259 qui
455 5163 643 5264 affigendis
670 5171 802 5246 orariis
827 5171 1037 5244 inserviunt.
1091 5171 1263 5244 Orarium
1289 5172 1437 5262 scilicet,
1464 5183 1506 5240 ut
1523 5169 1614 5242 infra
1635 5166 1854 5259 ridebimus,
1878 5187 1920 5236 cx
1941 5165 2035 5236 tubo
