4786 6002
1104 595 1356 674 ‘’M-¹·

176 785 179 794 ’
296 785 416 888 ‚haee
442 789 538 862 inter
560 787 745 866 filamenta
768 787 961 862 vesiculam
984 786 1170 885 quandam
1197 789 1297 880 (ibid.
1312 788 1400 882 u),
1429 785 1504 862 duo
1532 808 1688 883 corpora
1710 785 1820 858 rubra
1846 785 2108 880 continentem,

325 924 363 983 ct
386 925 461 984 tam
487 938 659 1011 parram,
674 928 714 986 ιιι
738 912 885 986 nonnisi
911 911 1156 1009 microscopio
1183 913 1341 1010 perspici
1365 911 1492 1010 possit,
1516 910 1647 1006 reperi.
1699 907 1804 1002 Tum,
1828 909 1918 982 alius
1943 909 2108 982 animalis

326 1049 488 1108 extremo
524 1039 563 1110 in
600 1036 735 1110 annulo
773 1037 940 1133 corporis
977 1049 1135 1132 quatuor
1168 1036 1300 1108 similia
1334 1034 1572 1130 corpuscula,
1606 1030 1766 1129 paullulo
1807 1031 1947 1104 maiora
1983 1032 2106 1108 inveni

326 1158 432 1248 (ibid.
449 1161 511 1252 a),
537 1185 631 1258 quae
657 1158 928 1255 cnlorelpodis
950 1160 1065 1236 erulis
1090 1183 1170 1232 non
1193 1157 1391 1230 dissimilia*
1406 1169 1524 1250 erant,
1547 1153 1613 1232 scd
1633 1151 1884 1251 magnitudine
1909 1153 1977 1227 illis
1992 1155 2106 1228 multo

325 1284 599 1378 superabantur.
664 1283 761 1388 Haec
793 1303 970 1378 corpora,
1004 1295 1045 1354 ut
1077 1282 1361 1377 microscopium
1379 1277 1576 1370 ostendit,
1608 1276 1678 1348 illis
1711 1275 1905 1350 filamentis
1937 1273 2108 1352 adiuncta
2190 1313 2197 1322 ·

325 1418 439 1498 erant,
465 1418 501 1478 et
526 1402 693 1502 quidque
720 1428 846 1476 eorum
873 1403 1086 1494 membrana
1110 1416 1256 1476 esterna
1278 1402 1455 1474 vesiculae
1478 1400 1518 1474 in
1539 1398 1693 1477 modum
1719 1396 1866 1472 dilatata
1891 1414 1928 1508 et
1951 1422 2107 1496 corpore

321 1525 468 1624 interno
494 1527 629 1622 rubro,
655 1526 758 1623 quod
785 1551 805 1597 e
830 1527 974 1624 liquore
1000 1527 1187 1622 coagulato
1214 1538 1378 1598 constare
1402 1522 1606 1616 ridebatur,
1630 1523 1877 1620 compositum
1900 1536 1987 1596 erat.
2025 1521 2106 1596 Nou

321 1646 481 1722 dubitari
514 1651 623 1747 igitur
655 1649 777 1746 potest
784 1699 797 1742 ,
828 1649 920 1746 quin
950 1648 1042 1722 haec
1074 1671 1231 1748 corpora
1260 1661 1297 1720 ct
1326 1647 1387 1719 illa
1411 1647 1567 1720 vesicula
1599 1670 1709 1742 supra
1742 1644 1923 1742 descripta
1953 1643 2105 1720 caedem

319 1769 393 1841 sint
415 1753 557 1866 partes3
591 1783 627 1842 et
652 1771 743 1842 mihi
771 1769 923 1866 quidem
948 1769 1141 1842 verisimile
1173 1793 1250 1844 esse
1274 1766 1438 1862 videurr,
1470 1767 1655 1842 filamenta
1680 1767 1757 1860 illa,
1792 1765 1959 1862 quamvis
1983 1767 2105 1863 specie

320 1900 468 1960 externa
493 1888 647 1961 omnino
673 1890 784 1986 plana
807 1902 843 1961 ct
867 1887 1037 1986 depressa
1063 1913 1139 1960 csse
1163 1890 1345 1985 ridentur,
1371 1905 1495 1965 tamen
1520 1891 1662 1962 canales
1687 1889 1744 1960 rel
1768 1890 1929 1982 tubulos,
1954 1888 2015 1960 illa
2039 1911 2106 1962 au·

318 2026 393 2083 tem
419 2025 577 2106 corpora
603 2015 714 2086 rubra
738 2038 863 2085 semen
890 2014 991 2086 virile
1016 2015 1242 2111 coagulatum
1272 2041 1360 2110 esse,
1387 2014 1503 2113 quod,
1527 2027 1568 2088 ut
1592 2012 1772 2109 principia
1798 2036 1952 2084 ovorum
1978 2013 2016 2085 in
2043 2035 2105 2084 ex-

301 2134 561 2208 'tremitatibus
586 2137 798 2210 tubulorum
825 2137 937 2210 orarii
962 2138 1147 2209 minorum
1175 2138 1350 2232 existunt,
1379 2140 1428 2210 ita
1462 2139 1500 2209 in
1525 2135 1810 2208 extremitatibus
1837 2135 1968 2206 horum
1996 2157 2106 2208 cana·

283 2315 293 2336 ,
317 2257 406 2328 lium
433 2259 471 2329 in
497 2260 734 2332 vesicularum
760 2259 1091 2344 modumdilatatis
1114 2274 1321 2333 secernatur
1345 2275 1456 2357 atque
1482 2259 1740 2350 accumuletur,
1766 2281 1881 2352 usquc
1904 2256 1991 2330 dum
2008 2281 2103 2354 pena

319 2377 493 2450 eiiciatur.
522 2417 563 2431 -
593 2381 720 2454 Paucis
746 2379 861 2452 modo
887 2381 927 2453 in
951 2381 1169 2456 animalibus
1193 2383 1259 2456 has
1282 2398 1402 2480 partes
1427 2386 1640 2481 perquirere
1665 2381 1757 2454 mihi
1784 2381 1903 2473 licuit,
1941 2403 2011 2453 nec
2036 2381 2105 2454 uisi

317 2499 356 2570 in
382 2500 470 2592 illis,
497 2501 561 2598 qui
589 2501 728 2588 iamdiu
749 2504 789 2576 in
813 2503 943 2599 spiritu
967 2505 1042 2577 vini
1069 2519 1281 2578 conservata
1306 2517 1419 2578 erant.
1452 2593 1459 2608 ·
1483 2504 1574 2576 Fieri
1597 2517 1738 2601 potest,
1769 2518 1811 2575 ut
1834 2505 2042 2578 recentibus
2066 2505 2106 2578 in

316 2602 534 2696 animalibus
557 2626 628 2699 hac
651 2639 772 2723 partes
797 2627 927 2699 melius
950 2627 1133 2702 observari
1159 2627 1299 2724 possint
1323 2641 1359 2698 et
1384 2642 1484 2700 certo
1510 2628 1597 2699 anni
1623 2640 1790 2721 tempore
1817 2625 1973 2698 maiores
1998 2649 2105 2723 repc-

314 2743 462 2816 riantur.
516 2742 684 2844 Ceterum
711 2747 799 2842 quia
823 2747 1060 2820 membranae
1088 2748 1248 2824 intestini
1282 2752 1370 2824 recti
1405 2751 1445 2824 in
1471 2765 1632 2824 extremo
1666 2750 1831 2846 corporis
1857 2751 1992 2822 annulo
2020 2773 2104 2822 cum

316 2868 445 2938 ceteris
473 2869 637 2964 partibus
662 2882 758 2941 arcte
785 2893 970 2942 connexae
995 2885 1103 2963 sunt,
1137 2884 1174 2943 et
1197 2895 1306 2970 saepe
1330 2887 1407 2946 tota
1433 2888 1612 2948 extremae
1637 2875 1750 2971 partis
1772 2872 1981 2946 abdominis
2006 2873 2105 2944 cari·

314 3002 370 3062 tas
395 2989 569 3087 sanguine
594 2990 783 3087 coagulato
800 2991 938 3088 repleta
955 3005 1021 3085 est,
1045 2993 1263 3090 plerumque
1279 2995 1348 3069 hac
1368 3009 1488 3092 partes
1514 2994 1742 3068 nullomodo
1761 2995 2104 3092 perquiripossunt·

415 3112 568 3200 Maxime
590 3135 612 3184 a
636 3112 779 3206 formis,
802 3137 893 3209 quas
914 3114 983 3186 hae
1008 3127 1129 3211 partes
1153 3116 1232 3187 aliis
1257 3115 1294 3187 in
1321 3113 1519 3188 Crustaccis
1541 3117 1687 3210 ineunt,
1712 3129 1748 3190 et
1768 3115 1856 3188 situs
1881 3114 2045 3212 penium,
2070 3125 2106 3189 et

315 3235 433 3308 forma
459 3235 730 3308 filamentorum
755 3237 997 3332 internorum,
1022 3262 1118 3334 quae
1144 3263 1222 3310 non
1248 3238 1389 3310 arboris
1414 3238 1453 3308 in
1476 3235 1632 3310 modum
1659 3261 1814 3331 ramosa,
1839 3252 1880 3312 ut
1900 3237 2106 3310 tubuli-mi·

199 3455 203 3460 Ι
317 3381 426 3428 nores
453 3358 587 3451 orarii,
621 3355 686 3428 sed
711 3357 833 3429 multis
858 3357 979 3430 modis
1004 3359 1101 3430 inter
1124 3383 1162 3430 se
1189 3359 1401 3452 coniuncta,
1435 3360 1538 3457 quasi
1569 3360 1711 3457 plagam
1738 3358 1922 3456 quandam
1950 3381 2106 3454 compo-

317 3491 422 3570 nunt,
445 3477 575 3550 differt
626 3479 743 3550 Minus
765 3480 898 3558 mirum
925 3503 1001 3550 csse
1026 3479 1189 3574 ridetur,
1222 3483 1393 3576 genitalia
1422 3481 1620 3554 masculina
1653 3506 1735 3553 cum
1762 3480 1928 3552 femineis
1952 3503 2106 3578 compa-

318 3615 393 3672 rata
424 3613 498 3671 tam
532 3623 641 3696 parra
666 3623 768 3694 esse,
804 3624 917 3698 quum
953 3601 996 3672 iis
1019 3625 1170 3698 quoquc
1203 3604 1241 3673 in
1268 3601 1493 3696 Crustaceis,
1525 3625 1683 3698 quorum
1710 3604 1847 3700 singula
1873 3617 1934 3675 aut
1959 3602 2106 3676 feminei

321 3736 382 3794 aut
408 3723 598 3794 masculini
622 3724 765 3822 generis
790 3735 894 3817 sunt,
926 3747 1043 3794 mares
1067 3748 1176 3820 saepe
1212 3722 1354 3796 feminis
1387 3727 1501 3797 multo
1529 3725 1690 3798 minbres
1716 3729 1966 3822 reperiuntur,
2016 3727 2107 3798 ller-

317 3843 545 3942 maphroditi
573 3845 681 3942 igitur
706 3845 853 3942 Apodes
878 3869 954 3918 esse
979 3846 1171 3942 videntur,
1204 3849 1269 3944 qui
1296 3849 1390 3920 inter
1416 3873 1454 3920 se
1484 3850 1623 3922 vicibus
1657 3863 1812 3942 coeunt,
1844 3873 1958 3920 unarm
1984 3863 2106 3922 autem

317 3968 453 4040 coitum
481 3966 730 4062 compluribus
755 3966 927 4062 stirpibus
951 3969 1165 4065 satisfacere,
1190 3971 1446 4068 experimentis
1471 3971 1992 4045 demonstraritSchaeller.
2021 3969 2107 4044 Coi·

314 4103 392 4160 tum
420 4090 539 4185 ipsum
568 4111 770 4183 numquam
797 4089 988 4160 observare
1014 4093 1130 4187 potui,
1156 4092 1354 4166 etidcirco
1381 4092 1529 4166 difficile
1555 4119 1638 4166 eum
1668 4095 1849 4169 observari
1871 4118 1979 4191 posse
2001 4107 2106 4209 puto,

318 4211 404 4306 quia
428 4206 605 4307 quamdiu
631 4209 801 4316 animalia
827 4207 949 4306 rigent
973 4213 1187 4310 valentque,
1218 4240 1363 4312 semper
1389 4217 1462 4288 lato
1487 4217 1605 4314 capite
1638 4217 1857 4315 etpedibus
1882 4217 2008 4290 limum
2032 4217 2107 4292 sul·

316 4329 462 4406 fodiunt
486 4347 522 4406 ct
543 4355 678 4432 aquam
702 4331 938 4433 circumcirca
961 4333 1121 4410 turbant.
1481 4321 1486 4330 ’
