4786 6002
446 823 475 884 t.
497 823 690 886 blembraaae
708 823 794 888 cordi
815 823 999 888 subiacentis
1023 841 1117 906 pars,
1148 830 1364 907 quaapsrtem
1388 823 1491 890 cordis
1522 824 1706 890 tbcracicam
1735 827 1774 890 ab
1798 825 1943 894 iateriore
1971 835 2003 894 st
2026 836 2114 892 antc-
2159 854 2167 862 ·

402 951 406 958 ·
445 932 528 994 tiore
548 939 633 1012 parte
655 930 816 994 concludit.
1260 983 1265 990 .

363 1033 426 1117 Fip.
448 1035 503 1102 tlt
545 1034 742 1099 danorum
762 1035 848 1100 cordi
868 1034 1054 1102 subiacentis
1074 1053 1145 1119 pars
1166 1039 1319 1118 anterior,
1350 1038 1389 1103 ab
1410 1036 1555 1102 inferiore
1576 1047 1661 1121 parte
1692 1048 1876 1122 conspecta,
1908 1042 2113 1126 aptitudine

403 1145 494 1208 valde
514 1151 612 1208 aucta.

363 1251 424 1335 bip.
441 1252 483 1314 Χ
527 1251 635 1316 Coralis
656 1247 843 1314 emmaum
863 1267 996 1313 acroam
1024 1254 1054 1312 et
1073 1251 1243 1316 emenone
1266 1257 1296 1314 at
1323 1251 1499 1316 membrano
1519 1251 1606 1316 cordi
1630 1251 1791 1316 subiacens
1818 1253 1850 1315 a'aa
1881 1253 1942 1316 situ
1967 1257 2111 1317 comanti.

404 1397 441 1412 -
455 1359 574 1444 llignra
595 1359 729 1424 ostendit
751 1358 890 1440 corporis
908 1366 1023 1440 partem
1048 1359 1241 1422 antenorem.
1275 1361 1358 1425 Sonti
1381 1378 1451 1443 pars
1472 1363 1572 1426 media
1595 1369 1719 1426 exsecta
1742 1370 1801 1441 est,
1822 1362 1974 1428 mdnncu
1991 1371 2110 1427 sectura
2179 1409 2185 1416 -

402 1469 614 1557 longitndinali
634 1477 770 1554 apertum
787 1477 818 1533 et
838 1468 964 1533 musculi
985 1469 1052 1532 eius
1072 1467 1210 1530 dorsales
1232 1467 1304 1548 (D.)
1328 1471 1493 1552 resupinati
1516 1479 1608 1552 sunt,
1635 1477 1669 1534 ut
1696 1471 1729 1533 iu
1750 1469 1910 1534 cavlutam
1929 1473 1996 1534 eius
2018 1489 2112 1554 supe-

400 1580 513 1648 riorem
535 1582 688 1660 inspicias.
731 1576 998 1661 cepbalotboracls
1020 1592 1141 1659 quoqne
1160 1591 1233 1658 pars
1252 1575 1405 1656 posterior
1426 1577 1569 1642 musculis
1599 1573 1770 1641 dorsalibus
1791 1575 1917 1644 marotia
1938 1584 2043 1659 aperta
2064 1587 2111 1642 est

400 1695 447 1768 (ς.
475 1687 635 1767 16-19.).
1433 1723 1435 1730 >

359 1819 422 1902 bip.
447 1818 502 1882 Xl.
545 1817 723 1908 llambrono
742 1815 829 1880 cordi
848 1813 1010 1878 adiacens
1032 1812 1071 1876 ob
1091 1812 1240 1894 inferiore
1256 1819 1349 1894 porta
1370 1819 1543 1896 coaupootc.

341 1931 347 1940 ”
442 1925 503 2008 up.
527 1925 669 1991 lli-XI.
704 1963 743 1976 -
776 1923 808 1988 Ο.
831 1923 892 1986 Gor
912 1924 978 1985 siva
999 1919 1101 1986 cordis
1122 1921 1307 1986 ventriculus
1328 1941 1471 1989 venosus.
1502 1964 1540 1978 -
1583 1923 1625 1988 bl.
1648 1925 1821 1989 Membrana
1842 1926 1928 1992 cordi
1949 1927 2110 1991 subiacens

444 2038 474 2098 et
497 2041 590 2102 totum
613 2051 666 2114 per
690 2032 841 2096 abdomen
864 2037 999 2097 extensa.
1030 2067 1063 2080 -
1096 2027 1125 2094 la.
1146 2025 1288 2089 Eiusdem
1312 2045 1349 2090 ea
1370 2045 1463 2110 pars,
1498 2033 1547 2093 cui
1568 2048 1623 2094 cor
1644 2030 1762 2094 insitum
1784 2038 1839 2095 est
1861 2070 1901 2084 -
1922 2033 1943 2097 l.
1965 2033 2108 2098 Eiusdem

439 2143 568 2209 laciniae
589 2141 774 2207 musculares
797 2140 828 2204 in
852 2145 939 2222 parte
965 2137 1134 2202 abdominis
1158 2136 1320 2199 anteriore.
1346 2175 1389 2188 -
1418 2157 1459 2201 m.
1479 2138 1620 2203 Eiusdem
1646 2141 1833 2206 continuatio
1857 2143 1888 2204 in
1911 2142 2111 2225 cepbalotbo-

438 2269 551 2317 racem.
574 2287 616 2300 --
629 2268 658 2316 n.
682 2248 823 2312 Eiusdem
835 2263 941 2330 margo
964 2245 1108 2323 anterior,
1130 2263 1197 2310 cum
1215 2245 1357 2309 musculis
1379 2245 1544 2311 thoracicis
1565 2248 1734 2312 dorsalibus
1759 2268 1915 2314 connexus
1928 2287 1959 2300 -
1977 2251 2109 2314 nitius-

439 2357 508 2420 dem
530 2370 600 2437 pars
626 2353 775 2435 pellucido
798 2353 924 2416 lacinias
947 2351 1130 2414 musculares
1152 2352 1391 2438 transgrediens.
1421 2392 1462 2405 -
1489 2372 1523 2435 p.
1550 2356 1664 2420 Eadem
1695 2360 1726 2420 in
1756 2366 1841 2440 parte
1861 2360 2030 2424 abdominis
2049 2377 2109 2442 pc-

438 2463 578 2528 stericre.
603 2501 644 2516 -
665 2460 702 2525 ll.
723 2460 848 2524 bluscnli
869 2460 976 2542 qulbus
996 2460 1126 2522 laciniae
1146 2460 1333 2524 musculares
1353 2457 1547 2526 membranae
1571 2461 1751 2526 inseruntur.
1767 2499 1805 2512 ·-
1828 2461 1864 2524 B.
1887 2463 1990 2528 Venae
2011 2463 2107 2526 bran·
2170 2445 2174 2450 ¹

439 2569 562 2634 cbialcs.
589 2606 628 2621 -
649 2569 678 2632 b.
701 2568 729 2632 b.
752 2567 863 2632 Earum
884 2570 960 2632 rami
983 2569 1014 2630 lu
1036 2567 1191 2633 branchia.
1227 2605 1263 2619 -
1294 2567 1332 2630 Α.
1359 2567 1479 2632 Arteria
1501 2575 1590 2632 aorta
1612 2573 1678 2633 sive
1700 2571 1802 2634 cordis
1823 2571 2006 2636 ventriculos
2026 2579 2110 2634 arte-

437 2683 611 2746 tiosos-
640 2677 683 2742 W.
716 2677 859 2742 Eiusdem
881 2678 1006 2742 musculi
1026 2677 1175 2741 laterales.
1207 2713 1250 2727 -
1282 2673 1319 2740 0.
1341 2675 1428 2740 Oculi
1451 2681 1610 2760 compositi
1633 2680 1679 2757 (in
1705 2680 1763 2744 Xl.
1789 2681 1826 2744 ab
1846 2681 1992 2746 interiore
2013 2686 2108 2764 parte,

438 2787 614 2854 membrana
636 2785 798 2864 conclusi).
835 2825 876 2836 -
901 2785 934 2848 P.
961 2785 1073 2850 Oculus
1095 2787 1141 2849 sic
1166 2786 1263 2849 diens
1284 2783 1426 2867 simplem,
1448 2824 1496 2836 ..,
1523 2805 1554 2850 n.
1584 2788 1706 2850 Arteria
1735 2789 1940 2871 branchidis,
1977 2793 2107 2873 quaein

434 2895 566 2959 medinm
585 2895 663 2959 scuti
683 2893 819 2957 canalem
842 2889 911 2974 (ό.)
933 2893 1050 2956 transit.
1078 2927 1110 2940 ·
1135 2897 1175 2956 c².
1199 2896 1241 2954 ci.
1261 2895 1303 2955 cl.
1326 2893 1427 2956 Ceteri
1450 2893 1572 2957 canales
1593 2895 1795 2960 brancbialcs.

352 3027 414 3111 usp.
438 3023 510 3091 ΧΗ.
554 3025 718 3108 Scopubaia
739 3025 887 3090 circuitus
908 3033 1049 3108 quantum
1072 3025 1103 3087 in
1126 2987 1247 3112 animali
1266 3023 1388 3088 iuvenili
1407 3027 1602 3108 conspicitur.

437 3134 474 3197 Α.
495 3136 658 3218 Sanguinis
682 3153 788 3200 cursum
810 3137 842 3200 in
862 3141 947 3216 parte
968 3131 1230 3216 cepbalotboracls
1254 3134 1414 3198 antenore.
1435 3167 1463 3182 -·
1482 3130 1518 3196 Β.
1543 3131 1625 3198 ldem
1647 3135 1678 3198 in
1701 3130 1847 3199 branchia
1869 3135 2048 3202 scutiformi.
2067 3175 2107 3189 -·

438 3243 471 3308 C.
493 3244 577 3310 ldem
598 3245 630 3308 in
643 3243 824 3334 abdomine.

354 3377 416 3458 sip.
438 3373 528 3441 xm.
573 3376 737 3459 smpatno
756 3375 788 3440 ia
808 3377 885 3456 pede
905 3373 1090 3437 mossiaco·
1113 3373 1258 3436 circuitos
1282 3382 1328 3452 (ς.
1352 3375 1428 3453 ab).

433 3490 471 3553 A.
492 3490 644 3554 Brancbia
664 3493 807 3554 exterior.
831 3529 868 3541 -
893 3489 928 3552 B.
953 3489 1102 3554 branchia
1125 3489 1259 3554 interior.
1284 3490 1423 3571 (sagittis
1447 3488 1603 3572 sanguinis
1628 3505 1735 3554 cursus
1758 3489 2007 3568 demonstratur.)

350 3621 413 3709 Εἰς.
436 3621 518 3686 xtt'.
564 3621 660 3684 Lobrr'
683 3621 867 3684 contractio
890 3629 936 3698 (ς.
961 3623 1039 3718 bl).
1063 3657 1104 3672 -·
1123 3621 1252 3692 labrum
1277 3627 1403 3702 aparte
1427 3621 1572 3684 interiore
1596 3629 1728 3705 aparttuu
1750 3632 1804 3687 est

429 3735 465 3800 b.
487 3737 626 3801 Labnrm.
649 3777 690 3791 -
713 3735 750 3800 N.
770 3737 960 3816 Membrana,
983 3743 1075 3800 totum
1097 3754 1152 3818 per
1173 3735 1289 3801 labrom
1308 3745 1446 3802 extensa.
1470 3771 1511 3786 -
1541 3755 1573 3800 a.
1592 3739 1856 3823 Emarginationes
1877 3741 1926 3804 vel
1948 3743 2032 3804 sinus
2056 3741 2104 3805 ln·

433 3857 479 3912 ter
499 3847 626 3910 lacinias
647 3847 841 3909 membranae
862 3825 980 3922 relicti,
1007 3863 1063 3926 per
1083 3861 1160 3926 quos
1181 3847 1327 3908 cavitates
1353 3845 1430 3908 labri
1457 3847 1598 3925 superior
1617 3854 1649 3911 et
1677 3849 1804 3913 interior
1824 3850 2004 3913 coniunctae
2025 3855 2102 3912 sont.

431 3991 473 4007 -
499 3952 530 4016 Τ.
558 3951 591 4016 U.
621 3949 650 4015 l'.
675 3952 801 4018 biusculi
822 3951 931 4030 iidem,
961 3952 1011 4033 qui
1033 3952 1064 4014 in
1084 3950 1134 4034 bg.
1155 3949 1198 4015 11.
1221 3953 1281 4016 tab.
1305 3952 1331 4015 l.
1352 3954 1554 4018 inveniuntur.
1592 3989 1626 4004 -
1659 3953 1696 4030 0.
1728 3954 1853 4023 Caralis¹
1882 3958 2104 4020 membranacei

436 4061 593 4138 orificium,
613 4061 663 4143 qul
688 4059 726 4124 ab
748 4059 843 4123 oculis
861 4060 900 4122 ad
920 4065 1034 4140 partem
1056 4056 1231 4124 interiorem
1252 4061 1513 4143 cepbalotboracls
1535 4062 1703 4127 descendit.
1724 4103 1766 4114 -
1787 4065 1824 4138 Z.
1845 4066 1970 4129 llnsculi
1990 4069 2049 4129 boc
2073 4068 2102 4128 in

431 4171 528 4234 canali
550 4171 608 4233 siti.
632 4209 671 4222 -
696 4166 1097 4232 commoveremur
1119 4183 1200 4247 pars.

348 4301 409 4382 Flp.
434 4300 499 4364 XV.
551 4299 632 4366 Varo
653 4299 685 4362 ia
707 4305 843 4361 ectrcmo
865 4299 1007 4378 corporis
1031 4297 1144 4362 annulo
1164 4298 1226 4362 rito
1246 4306 1292 4377 (ς.
1320 4301 1385 4381 17).
1419 4335 1455 4349 -
1488 4281 1596 4385 Figura
1618 4305 1757 4384 corporis
1777 4309 1941 4368 extremum
1963 4301 2102 4367 amantum

390 4409 530 4486 ostendit,
553 4426 571 4471 a
594 4411 883 4494 sinistra-apertum,
904 4424 922 4469 a
941 4407 1050 4470 dextra
1072 4407 1194 4470 nonnisi
1216 4413 1293 4471 testa
1316 4414 1442 4472 externa
1464 4409 1632 4490 spoliatum.

432 4525 472 4590 ll.
493 4526 665 4590 blembrana
684 4543 740 4607 per
760 4523 909 4594 abdomen
932 4531 1057 4588 extensa
1078 4521 1133 4596 (cl.
1158 4519 1218 4604 Fr'p.
1236 4521 1301 4602 Χ.).
1322 4562 1361 4574 -
1383 4541 1411 4604 p.
1433 4523 1575 4587 Eiusdem
1598 4543 1703 4608 margo
1725 4527 1885 4608 posterior,
1908 4529 2005 4589 testae
2026 4525 2102 4606 dor-

431 4632 486 4696 sali
512 4631 613 4696 annuli
634 4630 759 4700 extremi
780 4627 896 4696 affixus.
922 4666 962 4676 -
994 4627 1025 4694 S.
1046 4628 1106 4691 Vas
1128 4629 1253 4693 interius
1279 4648 1319 4692 ex
1339 4631 1485 4694 interiore
1508 4630 1678 4694 abdominis
1701 4635 1831 4698 cavitate
1852 4635 1883 4698 ln
1896 4639 2000 4700 -satam
2024 4651 2102 4698 cau-

431 4738 528 4803 dalcm
552 4737 751 4808 descendens.
781 4773 816 4786 -
841 4735 878 4806 li.
900 4735 961 4800 Vas
982 4735 1123 4802 exterius.
1145 4769 1189 4790 —
1217 4754 1244 4800 r.
1274 4735 1417 4802 Eiusdem
1448 4739 1594 4803 orificium
1627 4741 1658 4803 in
1689 4742 1819 4805 cavitate
1851 4740 2021 4806 abdominis
2044 4753 2115 4804 so:

432 4848 561 4928 periore.
585 4881 626 4896 -
649 4847 679 4910 Ρ.
704 4847 800 4910 l'enls.
1409 4824 1422 4846 ’

349 4953 477 5035 liparas
499 4950 693 5024 xit-xlx
706 4954 841 5033 portium
860 4951 891 5014 ta
911 4947 1161 5030 cepbalotborocs
1180 4952 1269 5016 mana
1288 4951 1529 5033 boarpretcatar
1550 4961 1597 5030 (ς.
1616 4953 1691 5034 lb).

352 5061 411 5146 bip.
436 5059 517 5124 ΧΠ.
575 5059 774 5142 Oesoptnpus
797 5067 826 5122 et
850 5057 928 5122 ocull
949 5057 1123 5120 membrana
1145 5061 1335 5124 circumclusi
1361 5062 1391 5124 in
1417 5065 1475 5125 altu
1498 5062 1635 5128 natarali.

348 5169 410 5255 rap.
435 5167 533 5234 XVII.
575 5171 646 5236 Pars
667 5169 800 5234 anterior
816 5166 974 5234 ventriculi
999 5164 1102 5229 cordis
1122 5169 1273 5248 anonosi,
1295 5171 1375 5236 inter
1390 5171 1495 5234 oculos
1518 5172 1584 5236 sita.
