4786 6002
1080 643 1331 722 ιιι-ω*

310 845 464 946 adeptus
490 860 555 942 est,
570 845 694 943 ¹qnam
721 865 829 940 supra
855 837 1135 937 descripsimus,
1158 835 1224 910 sed
1241 838 1281 910 ‘ii
1302 831 1512 934 processus,
1538 825 1701 927 qui'iani
1729 825 1863 898 evoluti
1889 835 1973 897 sunt
2004 819 2108 908 (ibid.

309 997 348 1046 u.
372 979 435 1066 a),
466 971 665 1042 maioribus
696 979 839 1040 tanturn
867 963 1050 1036 canalibus
1074 960 1297 1086 glandulosis
1333 954 1448 1050 (Tau
1460 956 1490 1030 I.
1514 955 1601 1054 Fig.
1615 952 1663 1024 X.
1690 962 1727 1022 et
1750 948 1859 1023 XIII.
1877 948 1926 1036 u.)
1951 969 2108 1042 respon·

313 1093 414 1167 dent.
459 1096 615 1166 Minores
640 1107 759 1165 autem
785 1111 975 1188 processus
1002 1109 1044 1160 ex
1071 1087 1161 1158 bis
1153 1087 1240 1183 ipsis
1247 1079 1502 1157 haodenrum
1530 1075 1749 1150 evolutionis
1765 1071 1921 1180 periodo
1933 1072 2108 1161 existunt,

314 1182 2193 1316 emmmmmmmwmmwmmwmmmummt&mmmmmm'

311 1342 421 1414 vitam
449 1339 633 1432 animalis,
656 1352 825 1434 utsupra
850 1337 923 1408 iam
950 1333 1196 1427 dictumest,
1230 1333 1450 1406 ventriculus
1477 1322 1685 1401 recentibus
1709 1321 1934 1396 membranis
1958 1318 2110 1392 vestitur

313 1474 349 1533 ct
372 1462 490 1534 torma
516 1473 772 1532 commutatur.
1640 1469 1643 1478 ’

386 1575 583 1680 'Denique
613 1581 750 1683 pedum
784 1579 1074 1654 abdomirsalium
1112 1573 1284 1650 numerus
1316 1573 1483 1648 nondum
1514 1574 1719 1671 completus
1750 1583 1826 1665 cst,
1863 1567 1929 1642 sed
1960 1569 2109 1660 sensim,

313 1721 511 1808 postquam
539 1707 681 1803 saepius
706 1719 797 1778 testa
823 1717 1047 1776 commutata
1073 1716 1137 1795 est,
1164 1700 1389 1774 evolvuntur.
1441 1699 1480 1770 ln
1507 1697 1737 1789 animalibus,
1765 1717 1860 1792 quae
1876 1715 2010 1764 novem
2033 1689 2108 1762 iere

314 1832 491 1912 linearum
526 1827 753 1926 longitudine
788 1841 911 1922 erant,
944 1826 1233 1924 quinquaginta
1243 1822 1384 1948 pedum
1413 1813 1529 1958 paria
1551 1821 1698 1917 reperi,
1730 1841 1888 1916 quorum
1922 1829 2107 1913 postrema

315 1951 419 2024 valde
440 1952 652 2048 imperfecta
678 1965 714 2022 et
737 1964 837 2023 tanta
859 1951 1036 2048 parvitate
1054 1961 1183 2041 ·,erant
1203 1959 1243 2018 ut
1266 1946 1324 2016 vix
1346 1939 1508 2080 conspici
1536 1955 1696 2038 possent.
1710 1931 1838 2012 Plura
1856 1951 1976 2012 autem
1995 1959 2106 2033 quarn

314 2076 496 2173 sexaginta
521 2075 623 2171 paria
648 2075 688 2146 in
714 2072 846 2146 adultis
872 2073 981 2146 stiam
1008 2072 1225 2144 animalibus
1251 2085 1327 2142 non
1353 2059 1504 2164 reperiri
1531 2063 1710 2136 lidentur.
1808 2152 1810 2158 ‚

347 2251 351 2260 ·
411 2201 530 2280 §.⁴52
563 2195 797 2298 'Respirntio
819 2199 858 2269 in
883 2198 927 2270 iis
951 2195 1170 2268 iuvenilibus
1196 2190 1435 2284 animalibus,
1463 2181 1560 2290 qliae
1586 2187 1700 2264 modo
1726 2199 1842 2260 'ovum
1869 2187 2108 2282 reliquerunt,

311 2343 381 2419 per
399 2321 513 2392 totius
537 2321 703 2418 corporis
729 2334 849 2392 evitem
877 2319 999 2392 adhue
1022 2334 1184 2392 teneram
1213 2313 1307 2388 effici
1332 2307 1496 2407 videtur,
1531 2335 1616 2386 nam
1644 2311 1841 2383 branchiae
1866 2307 2058 2407 pedibus
2049 2333 2108 2380 ιιι-

312 2445 401 2516 sitae
428 2445 498 2516 bae
518 2445 637 2542 prima
664 2445 883 2516 evolutionis
914 2442 1070 2540 periodo
1104 2442 1270 2515 nonduin
1283 2431 1461 2510 evolutae
1489 2447 1597 2529 sunt,
1631 2447 1772 2508 sentum
1806 2444 1928 2505 autem
1954 2443 2106 2530 parvum

312 2565 644 2662 imperfectumque
671 2578 734 2635 est.
786 2562 990 2664 Sanguinis
1017 2585 1169 2660 quoque
1192 2567 1371 2636 circuitus
1396 2563 1470 2634 boe
1493 2575 1664 2658 tempore
1688 2579 1730 2630 ex
1745 2559 1881 2656 aliqua·
1887 2571 1990 2654 parte
2005 2581 2110 2629 com·

316 2690 449 2762 mutari
474 2685 630 2788 videtur,
656 2711 733 2785 quo
759 2709 832 2758 una
858 2710 941 2758 cum
969 2688 1083 2758 oculis
1107 2687 1322 2785 compositis
1345 2686 1560 2758 membrana
1592 2709 1655 2754 eos
1681 2681 1911 2755 circumdans
1935 2681 2073 2753 existit!

369 2803 370 2810 '
415 2813 467 2883 De
499 2833 693 2886 nervorum
725 2809 930 2883 evolutione
961 2810 1076 2881 nullas
1110 2810 1262 2907 quidem
1292 2809 1413 2882 habeo
1454 2809 1747 2900 observationes,
1782 2803 1847 2878 sed
1881 2805 1911 2877 si
1946 2805 2110 2903 ganglio-

315 2959 398 3006 rum
421 2934 636 3007 ventralium
659 2934 811 3026 seriem,
843 2957 939 3029 quae
967 2933 1005 3004 in
1030 2933 1162 3006 adultis
1187 2932 1404 3015 animalibus
1429 2934 1628 3031 reperitur,
1661 2930 1973 3028 contemplamur,
2000 2927 2112 3001 dubi-

311 3057 487 3128 tarinon
512 3069 647 3154 potest,
669 3055 762 3154 quin
787 3057 924 3154 singula
948 3059 1088 3155 ganglia
1114 3081 1189 3130 una
1215 3080 1305 3129 curn
1323 3056 1498 3154 pedibus·
1507 3057 1730 3149 evolvantur,
1751 3066 1789 3125 et
1813 3077 1890 3151 quo
1916 3051 2112 3151 perlectio-

314 3193 396 3250 rem
419 3175 574 3249 lor-mam
602 3179 777 3282 corporis
797 3191 919 3276 partes
944 3181 1144 3276 accipiant,
1176 3203 1220 3252 eo
1248 3182 1390 3292 longius
1417 3181 1513 3252 inter
1537 3204 1575 3252 se
1601 3191 1638 3252 et
1662 3179 1792 3278 singuli
1819 3163 1911 3252 nodi
1935 3175 2110 3269 laterales,

315 3302 382 3397 qui
408 3325 522 3374 ιιιιιιιιι
524 3303 775 3399 gangliorum
801 3325 870 3400 par
894 3317 1134 3400 componant,
1159 3318 1196 3376 et
1221 3304 1298 3402 ipsa
1323 3307 1549 3404 gangliosum
1573 3305 1674 3402 paria
1700 3313 1967 3376 removeantur.
2013 3299 2111 3370 Lon·
2137 3373 2142 3380 ,

317 3420 461 3519 gissime
484 3425 583 3495 enim
609 3425 705 3496 inter
728 3449 767 3496 se
790 3427 922 3497 remoti
948 3438 1031 3497 sunt
1056 3433 1251 3498 ner'vomm
1279 3425 1369 3498 nodi
1395 3425 1596 3519 thoracici,
1624 3426 1711 3521 quia
1736 3437 1774 3495 et
1797 3422 1911 3520 pedes
1932 3413 2111 3494 thoracioi

316 3561 353 3616 et
378 3547 453 3616 oris
479 3561 599 3643 partes
625 3547 696 3619 iam
724 3547 764 3618 in
790 3548 1007 3624 iuveniliboe
1032 3549 1250 3620 animalibus
1281 3547 1433 3644 perlecti
1464 3548 1721 3639 inveniuntur,
1754 3559 1881 3618 contra
1906 3545 2111 3642 posteriora

317 3670 456 3766 ganglia
482 3669 731 3742 abdominalia
760 3695 962 3768 numquam
989 3673 1147 3744 intense
1171 3670 1452 3768 disiunguntur,
1487 3671 1574 3767 quia
1600 3670 1776 3766 postremi
1801 3667 1915 3766 pedes
1940 3663 2112 3738 abdomi-

321 3794 418 3864 nales
441 3783 542 3890 parvi
566 3806 603 3864 et
628 3793 830 3890 imperfecti
855 3807 971 3866 totam
997 3819 1064 3892 per
1088 3797 1198 3867 vitam
1225 3795 1389 3865 animalis
1416 3806 1617 3866 remanent
1662 3790 1775 3883 Quod
1801 3791 1940 3863 ideirco
1968 3811 2111 3858 memo·

317 3926 398 3984 ratu
424 3912 574 4011 dignum
602 3927 674 4009 est,
706 3915 793 4010 quia
819 3916 855 3986 in
884 3917 1048 4011 plurimis
1074 3913 1274 3989 Crustaceis
1303 3941 1496 3990 nervorum
1521 3917 1635 4010 nodi,
1661 3941 1745 4013 quo
1771 3915 1885 4014 magis
1917 3913 1964 3986 ad
1990 3913 2112 4010 perie-

317 4035 478 4104 otionem
504 4033 682 4105 accedunt
708 4037 873 4130 corporis
899 4050 1038 4132 partes,
1073 4039 1141 4108 sibi
1176 4041 1522 4136 appropinquantur
1553 4051 1590 4108 et
1623 4039 1719 4108 inter
1744 4061 1790 4130 ¹se
1822 4032 2109 4114 confunduntur.

320 4155 416 4228 llaec
440 4157 494 4228 lex
519 4157 772 4262 compluribus
796 4159 971 4254 exemplis
990 4159 1236 4232 demonstrata
1255 4174 1308 4232 est
1329 4161 1375 4232 ab
1395 4159 1604 4232 Audouin
1631 4174 1667 4231 et
1691 4161 1828 4232 llilne
1846 4154 2053 4231 Edwards
2066 4157 2110 4248 *)‚

320 4293 356 4350 ct
389 4279 603 4352 confirmata
639 4303 660 4351 a
699 4280 943 4367 llathlre**)
980 4283 1295 4357 observationibus
1331 4287 1367 4358 in
1405 4285 1550 4360 Astnco
1580 4284 1702 4378 iactis,
1735 4287 1836 4356 euius
1871 4283 1940 4354 tria
1970 4279 2110 4379 ganglia

317 4401 524 4494 tboraoioa,
558 4403 595 4473 in
622 4399 722 4474 ioetu
748 4403 844 4474 inter
869 4427 907 4474 se
935 4403 1137 4500 disiunota,
1173 4407 1202 4478 si
1234 4407 1368 4480 animal
1405 4408 1597 4505 perfectius
1622 4409 1801 4479 excrrltum
1828 4419 1901 4500 est,
1933 4406 1971 4477 in
1993 4423 2107 4474 unum

321 4544 493 4618 magnum
517 4523 688 4620 ganglion
713 4523 932 4596 coalescunt.
1586 4589 1589 4596 .

417 4649 447 4726 t.
476 4647 534 4717 53.
586 4645 682 4717 Nihil
708 4659 829 4741 restat,
856 4646 927 4718 nisi
950 4661 992 4718 ut
1011 4651 1092 4722 oris
1112 4665 1240 4747 parces
1262 4647 1450 4754 pedesque
1472 4651 1683 4726 thoracioos
1701 4649 1906 4748 respiciam,
1931 4648 2110 4746 partium·

319 4789 393 4866 que
418 4765 758 4864 denominationes,
790 4769 928 4866 quibus
951 4795 1037 4844 usus
1062 4796 1165 4868 sum,
1201 4775 1377 4870 probem,
1407 4774 1602 4888 quodnisi
1627 4775 1836 4851 evolutione
1857 4773 2024 4848 animalis
2045 4795 2110 4842 co-

320 4951 566 4981 *nm-q·—

380 5047 415 5118 ἰ
438 5043 571 5106 Annales
592 5042 648 5106 des
669 5045 817 5108 reienses.
840 5045 916 5111 XlV.
942 5047 992 5111 77.

342 5151 457 5230 -sspt
482 5167 509 5212 o.
530 5167 559 5234 p.
583 5150 634 5215 76.
