4786 6002
1045 663 1306 740 ....2..w

268 850 352 923 loco
377 849 519 946 positae
551 851 592 926 in
616 853 844 951 asperiorem
873 851 1076 932 escendunt
1109 869 1146 928 et
1175 856 1306 938 harum
1338 858 1498 954 partium
1520 836 1776 931 'coniunctioni
1802 857 1977 956 prodesse
2000 863 2058 934 ri·

267 968 415 1046 dentur.

276 1172 280 1180 .
367 1101 398 1178 §-
423 1101 457 1168 5.
509 1093 676 1170 Mesenis
694 1086 843 1194 pedum.
862 1133 905 1152 -
925 1097 1041 1194 Supra
1067 1098 1139 1170 iam
1166 1096 1336 1193 diximus,
1362 1123 1405 1172 ex
1430 1097 1630 1174 abdomine
1652 1101 1745 1178 duos
1770 1105 1957 1178 fasciculos
1981 1103 2056 1178 lor-

267 1217 426 1290 tissimos
451 1216 557 1303 (Tot.
571 1217 603 1294 1.
620 1219 703 1317 Fig.
722 1218 793 1292 III.
808 1217 871 1305 Η.)
898 1243 973 1292 non
997 1222 1127 1318 procul
1153 1244 1175 1293 a
1197 1224 1359 1319 margine
1383 1223 1571 1320 superiore
1596 1226 1635 1298 in
1660 1225 1794 1323 pedem
1820 1227 2055 1322 descendere,

269 1339 335 1434 qui
360 1338 441 1436 ipso
466 1340 503 1412 in
529 1337 625 1436 pedo
651 1363 718 1436 per
739 1339 901 1436 primum
927 1340 1006 1412 eius
1030 1343 1221 1416 articulum
1247 1343 1402 1418 candem
1428 1344 1669 1420 directionem
1693 1327 1864 1422 retinent.
1915 1349 2054 1424 Eodem

268 1459 383 1536 modo
409 1461 461 1534 illi
486 1461 562 1536 duo
588 1463 747 1539 tascie-ui
772 1465 873 1560 parri
905 1488 1014 1563 supra
1039 1467 1112 1540 iem
1136 1466 1308 1564 descripti
1347 1467 1449 1552 libid.
1474 1472 1520 1554 J.)
1551 1485 1696 1567 praeter
1726 1472 1936 1546 interiorem
1959 1497 2057 1546 mass·
2159 1556 2163 1565 ,

266 1588 392 1684 ginem
421 1583 625 1682 procedunt
650 1599 687 1658 et
711 1586 880 1661 radiatim
907 1591 1054 1685 expansi
1080 1592 1202 1686 primo
1236 1591 1275 1662 in
1300 1590 1451 1664 articulo
1480 1589 1586 1690 pedis
1616 1606 1729 1670 tostae
1761 1609 1929 1668 externae
1959 1597 2056 1668 inse-

268 1722 408 1782 runtur.
460 1709 559 1783 lnter
581 1709 651 1784 hos
693 1712 754 1784 clii
781 1710 932 1808 quidam
959 1715 1112 1786 musculi
1138 1713 1241 1802 (ibid.
1268 1713 1329 1800 K.)
1353 1717 1411 1786 siti
1437 1729 1533 1809 sunt,
1558 1716 1625 1814 qui
1649 1718 1717 1788 sub
1744 1719 1914 1790 musculis
1937 1719 2056 1816 longi·

267 1833 494 1912 instinctibus
518 1836 653 1911 ventris
677 1837 716 1910 in
739 1851 952 1936 tegumemo
980 1836 1086 1938 pedis
1111 1861 1248 1910 corneo
1274 1837 1441 1910 oriuntur
1465 1850 1502 1910 et
1523 1838 1563 1910 iu
1587 1837 1750 1910 mcundo
1774 1838 1880 1935 pedis
1903 1840 2056 1912 articulo

201 1986 206 1995 ·
267 1961 318 2032 ita
344 1958 460 2035 diridi
486 1962 524 2034 in
548 1957 643 2034 duos
666 1958 854 2036 fascienlus
878 1959 1072 2055 ridentur,
1104 1974 1145 2033 ut
1177 1961 1267 2033 alter
1295 1959 1403 2054 (ibid.
1430 1959 1483 2046 L.)
1514 1958 1562 2034 ad
1585 1961 1800 2034 branchiam
1826 1963 2056 2056 exteriorem,

267 2079 430 2156 altered
454 2105 666 2181 processum
690 2081 892 2160 secundum
916 2084 1025 2182 pedis
1044 2083 1505 2183 (spudelaehnlicheSpitze
1521 2083 1714 2170 Schoel.)
1742 2083 1919 2158 decurrat.
1943 2087 2058 2160 Bran-

267 2207 351 2280 chia
374 2211 518 2304 praeter
541 2207 642 2282 hunc
664 2209 867 2282 musculum
889 2209 1002 2286 altero
1029 2209 1076 2282 ab
1102 2209 1207 2305 lpice
1232 2205 1336 2306 pedis
1361 2206 1607 2281 descendente
1633 2209 1830 2281 instruitur.
1867 2209 2058 2284 Praeterea

268 2329 308 2400 in
330 2327 435 2424 pedis
455 2330 639 2403 anteriore
664 2343 767 2428 parte
793 2331 1001 2428 complures
1025 2332 1182 2404 fasciculi
1208 2329 1489 2429 longitudinales
1515 2333 1769 2426 inveniuntur,
1803 2332 1868 2426 qui
1897 2331 2056 2428 ninguine

246 2454 308 2538 ¹in
334 2477 524 2550 processus
552 2453 663 2526 libras
694 2452 872 2554 quosdam
907 2456 1079 2550 emittunt
1111 2453 1214 2541 libid.
1239 2455 1306 2539 R).
1360 2451 1457 2528 Cora
1489 2469 1610 2528 autem
1636 2455 1782 2528 duobus
1814 2455 2057 2550 peculiaribus

269 2577 440 2648 musculis
467 2575 571 2660 libid.
595 2577 660 2664 N.)
686 2577 799 2650 altero
825 2589 1039 2670 transverse,
1063 2578 1176 2650 altero
1200 2579 1373 2651 arcuatim
1399 2575 1615 2648 decurrente
1640 2578 1813 2649 instructa
1839 2591 1902 2648 est.

371 2695 571 2772 Undecimo
597 2699 636 2771 in
657 2699 737 2797 peri
761 2698 900 2796 pedum
924 2699 1159 2784 (Mutterliuse
1181 2700 1378 2794 dehuel),
1401 2701 1439 2772 in
1464 2699 1598 2798 quibus
1620 2699 1798 2772 branchia
1823 2697 1991 2792 exterior,
2015 2710 2057 2770 ut

272 2824 311 2896 in
333 2803 485 2898 historia
512 2824 730 2897 evolutionis
757 2821 1083 2898 demonstrandum
1109 2837 1162 2896 est
1174 2877 1186 2918 ‚
1211 2826 1378 2921 capsulae
1404 2847 1558 2896 osorum
1585 2823 1624 2896 in
1651 2823 1864 2919 operculum
1892 2843 2059 2894 commu·

268 2957 345 3020 tata
369 2959 443 3042 est,
467 2949 620 3022 musculi
645 2945 750 3032 (Tab.
765 2945 797 3022 1.
822 2948 909 3048 Fig.
922 2947 990 3021 IV
988 3001 996 3018 .
1007 2949 1062 3034 L.)
1091 2945 1138 3020 ad
1162 2947 1259 3020 hene
1284 2959 1472 3044 vergentes
1497 2945 1612 3019 multo
1632 2945 1825 3038 lentiores,
1859 2967 1970 3041 quam
1994 2965 2057 3015 ce-

269 3069 357 3142 teris
383 3071 423 3146 in
446 3069 630 3166 pedibus,
658 3084 695 3144 et
718 3072 794 3168 apti
820 3085 904 3144 sunt
915 3123 926 3158 ,
961 3073 1098 3169 quibus
1134 3072 1279 3169 capsula
1305 3069 1472 3142 animalis
1492 3069 1644 3143 arbitrio
1671 3068 1803 3166 aperiri
1828 3079 1865 3140 et
1889 3062 2061 3138 concludi

269 3192 397 3288 possit.
449 3191 617 3266 Ceterum
643 3187 711 3266 hos
735 3194 849 3290 pedes
872 3192 1026 3288 iisdem,
1050 3197 1184 3292 quibus
1209 3207 1368 3287 omerus,
1382 3192 1565 3265 musculis
1589 3193 1783 3265 instructos
1809 3211 1885 3261 esse
1911 3211 1931 3258 e
1953 3211 2058 3259 com·-
2195 3209 2197 3214 ·

268 3314 460 3408 paratione
483 3313 679 3412 figurarum
705 3315 775 3388 111.
802 3328 839 3386 et
862 3313 938 3388 IV.
963 3315 1066 3386 facile
1092 3315 1241 3412 intelligi
1265 3326 1398 3411 potest.

366 3436 517 3512 Musculi
542 3437 718 3536 quidem,
752 3437 816 3534 qui
842 3438 984 3534 proprii
1011 3449 1095 3510 sunt
1127 3463 1346 3537 organorum
1372 3437 1614 3536 singulorum,
1647 3461 1720 3510 una
1746 3459 1829 3507 cum
1855 3432 1913 3504 lris
1938 3431 2058 3528 aptius

267 3555 530 3634 describentur.

1006 3797 1295 3824 b-n-——a-n-

754 4099 1044 4184 ortomn
1085 4094 1565 4184 digestionis.

1080 4275 1242 4294 m

981 4485 1039 4539 rat.
1058 4485 1079 4538 r.
1109 4486 1164 4558 rep.
1190 4485 1335 4540 v-xm.

363 4658 395 4734 §-
416 4656 451 4726 6·
504 4653 723 4754 Digestionis
751 4681 886 4754 organa
909 4675 1055 4757 praeter
1078 4662 1152 4734 oris
1175 4659 1297 4760 'partes
1321 4681 1365 4732 ex
1386 4655 1618 4755 oesophago,
1658 4647 1905 4725 erentrieulo
1933 4666 2053 4716 mem-

263 4773 444 4848 branaceo
471 4779 593 4850 multis
614 4777 1126 4880 glandulosisappendicibus
1150 4785 1341 4876 instructo,
1365 4803 1408 4854 ex
1435 4779 1607 4852 intestino
1635 4787 1672 4845 et
1696 4795 1718 4845 c
1742 4784 1843 4844 recto
1869 4777 2048 4842 comunt

362 4903 393 4980 §-
420 4904 454 4970 7.
509 4899 766 5002 Oesoplsogus·
792 4948 842 4967 -
868 4904 920 4979 Os
945 4907 1044 5008 (Fa‘g.
1057 4907 1110 4981 V.
1119 4907 1177 4994 0.)
1200 4908 1268 4980 sub
1293 4906 1385 4980 labri
1410 4903 1575 5000 margine
1596 4895 1907 4975 nenorensem
1930 4903 1967 4962 et
1988 4889 2050 4960 illo

264 5020 633 5114 omnino4obtectum
659 5038 723 5099 est.
774 5026 829 5100 st
855 5051 901 5100 eo
937 5029 1053 5102 oritur
1079 5029 1308 5130 oesophagus
1339 5027 1435 5127 (Fig.
1454 5024 1499 5098 V
1494 5023 1547 5099 11.
1569 5021 1614 5094 V
1610 5019 1712 5114 ms,
1746 5019 1810 5116 qui
1841 5039 1928 5088 arcu
1954 5037 2051 5110 quo-

262 5138 347 5214 dam
373 5144 535 5241 primum
569 5147 608 5220 in
640 5149 848 5246 anteriora,
882 5165 960 5226 tum
994 5153 1032 5226 in
1065 5156 1253 5252 superiora
1286 5163 1370 5250 post
1409 5147 1602 5222 cerebrum
1634 5155 1671 5216 et
1700 5141 1891 5216 oculomm
1923 5147 2054 5210 nertos
2104 5127 2116 5152 ‘
