4786 6002
1127 651 1351 726 ..4-

342 851 446 923 malis
471 850 510 921 in
536 850 744 923 evolutione
766 847 951 939 nituntur,
985 866 1061 944 qus
1085 842 1267 942 descripta
1297 855 1334 918 ct
1358 843 1432 918 oris
1459 852 1582 940 partes
1607 851 1644 912 et
1667 833 1784 936 pedes
1807 832 2015 934 diligentius
2038 857 2128 906 eon·

343 972 544 1075 templandi
565 975 666 1047 locus
688 968 870 1044 offeretur.

957 1579 1505 1686 ΑΝΑΤὈΜΕ.

1147 1821 1318 1832 ..ο-σι...

796 1977 1122 2056 systema
1162 1943 1665 2040 musculorum.

938 2113 1602 2235 mammammmr'

355 2353 357 2360 ·
434 2333 465 2408 §.
493 2331 527 2396 2.
577 2323 668 2394 Tota
694 2321 832 2419 lipodis
864 2337 955 2396 testa
986 2337 1132 2394 externa
1159 2322 1317 2418 exeeptis
1342 2334 1444 2392 scuto
1480 2333 1516 2391 et
1549 2335 1651 2417 parte
1685 2319 2000 2416 cephalothoracis
2025 2333 2128 2393 ante-

337 2451 434 2522 riore
461 2447 556 2519 intus
581 2447 753 2518 musculis
778 2446 905 2518 restite
928 2459 993 2538 est,
1020 2459 1057 2516 et
1081 2457 1203 2542 motus
1224 2445 1401 2538 animalis,
1427 2444 1562 2540 quibus
1577 2457 1639 2515 aut
1663 2443 1825 2540 periculo
1848 2444 2065 2514 imminente
2089 2445 2128 2516 in

337 2593 432 2666 aqam
458 2570 591 2666 raptim
617 2569 845 2665 propellitur,
872 2582 934 2642 aut
959 2566 1007 2639 ad
1031 2569 1203 2642 alimenta
1221 2565 1470 2662 investiganda
1494 2567 1621 2637 limum
1648 2563 1809 2658 suffodit,
1831 2566 2015 2638 musculos
2039 2566 2127 2638 satis

340 2693 478 2764 validos
503 2691 687 2788 sortesque
701 2713 777 2762 esse
800 2691 1007 2764 ostendunt.
1041 2689 1178 2762 Omnes
1200 2690 1366 2783 musculi,
1392 2689 1516 2760 colore
1538 2686 1661 2760 albido
1688 2711 1730 2760 ae
1742 2685 1971 2783 splendente,
1992 2711 2124 2783 quarn-

340 2817 392 2885 vis
415 2815 542 2886 molles
567 2835 697 2908 magna
719 2815 858 2886 lentitia
883 2827 1089 2910 praestent,
1112 2825 1153 2885 ut
1174 2825 1338 2884 recentes
1361 2835 1430 2883 nee
1454 2813 1526 2883 iarn
1552 2812 1681 2909 spiritu
1706 2811 1780 2882 vini
1811 2789 1951 2883 educati
1977 2807 2124 2882 difficile

339 2939 480 3032 possint
505 2936 651 3008 dissolvi
677 2959 719 3006 ac
744 2935 925 3009 dissecari.
978 2936 1019 3008 ld
1043 2959 1195 3032 quoque
1217 2935 1261 3005 iis
1281 2934 1473 3031 proprium
1499 2958 1575 3006 esse
1590 2921 1752 3026 'videtum
1776 2930 1880 3028 qund
1905 2955 1982 3004 non
2005 2932 2123 3004 solern

338 3061 563 3156 singulorum
587 3058 702 3130 fibrae
726 3070 853 3132 tenues
877 3041 943 3132 sed
968 3059 1124 3131 maiores
1149 3058 1257 3129 etiam
1284 3058 1530 3130 musculorum
1557 3055 1732 3148 fasciculi,
1754 3054 1904 3128 diversis
1924 3041 2126 3133 ¹functioni-

337 3180 406 3251 bus
430 3183 647 3276 servientes,
672 3165 805 3254 aretine
826 3171 922 3254 inter
946 3207 984 3253 se
1010 3181 1164 3253 connexi
1189 3184 1293 3273 erint,
1329 3178 1444 3252 modo
1474 3179 1571 3250 enirn
1595 3177 1749 3250 librillae
1773 3179 1915 3275 aliquot
1940 3179 1985 3250 ab
2010 3180 2122 3250 altero

338 3306 501 3375 musculo
528 3307 567 3376 in
592 3300 744 3396 alterum
768 3319 978 3391 transeunt,
1006 3301 1121 3375 modo
1155 3295 1356 3399 peculiares
1389 3303 1498 3376 etiarn
1529 3304 1681 3374 musculi
1714 3302 1809 3374 duos
1840 3303 1930 3374 alios
1961 3304 2057 3374 inter
2086 3327 2124 3374 se

338 3425 583 3519 coniungunt:
629 3425 1039 3521 singulorumquoque
1068 3426 1315 3500 musculorum
1346 3423 1539 3520 dispositio
1571 3427 1812 3523 proprietates
1837 3426 2043 3522 complures
2069 3425 2124 3496 ol·

337 3544 418 3638 sert,
444 3569 539 3642 quae
565 3559 693 3616 notatu
720 3544 850 3642 dignae
876 3569 953 3616 esse
978 3543 1147 3618 ridentur
1171 3547 1445 3642 accuratiusque
1471 3547 1775 3644 contemplandae
1800 3562 1896 3619 sunt.

435 3673 466 3748 ς.
494 3669 528 3738 3.
581 3665 746 3740 Muscnli
771 3669 811 3738 in
835 3665 1032 3740 abdomine
1056 3671 1132 3741 siti.
1160 3705 1206 3720 -
1234 3669 1461 3740 Fortissimus
1486 3671 1668 3744 musculus
1693 3685 1730 3742 et
1753 3669 2011 3763 solidissimus,
2042 3671 2124 3766 plu-

337 3791 515 3861 rimorum
531 3789 635 3885 quasi
661 3788 813 3860 sclerum
840 3801 877 3861 et
891 3788 1167 3884 adminiculum,
1192 3793 1374 3863 musculus
1386 3807 1441 3863 est
1454 3792 1746 3866 mandibularum
1758 3791 1862 3878 (Tot.
1875 3794 1903 3867 I.
1917 3795 2000 3893 Fr’g.
2012 3793 2060 3866 Il.
2071 3793 2124 3864 M.

344 3911 514 3986 TabIII.
544 3911 669 4010 FigJ.
694 3911 738 3985 V
736 3911 766 3985 I.
782 3907 872 4004 MC),
899 3913 963 4008 qui
989 3925 1189 3984 transverse
1216 3913 1429 3987 mandibula
1452 3917 1498 3986 ab
1530 3917 1640 3987 altera
1670 3914 1717 3988 ad
1753 3917 1900 3988 alteram
1921 3916 2124 3986 ‘decurrens

337 4059 431 4106 unus
456 4033 546 4106 duas
571 4045 695 4105 movet
720 4045 756 4104 et
782 4031 921 4105 idcirco
945 4033 1091 4106 duobus
1116 4038 1286 4109 musculis
1312 4038 1493 4110 concretis
1515 4039 1739 4134 compositus
1762 4062 1837 4112 esse
1863 4037 2016 4109 ridetur.
2049 4037 2126 4108 llle-

261 4223 262 4226 ,
338 4157 398 4228 dia
424 4158 462 4228 in
487 4169 591 4254 parte
618 4156 772 4226 omnino
796 4168 850 4226 est
873 4153 1089 4228 tendinosus
1113 4159 1310 4256 coloreque
1336 4159 1495 4232 candido
1522 4184 1564 4232 ac
1590 4159 1817 4256 splendente,
1840 4159 2126 4233 extremitatibus

337 4293 471 4371 autern,
497 4279 632 4375 quibus
654 4275 948 4350 mandibularum
976 4279 1144 4350 caritates
1169 4292 1258 4351 testa
1281 4305 1415 4354 cornea
1441 4281 1632 4379 solidaque
1658 4285 1879 4380 compositas
1905 4283 2033 4380 replet,
2062 4283 2121 4353 in·

337 4399 581 4510 numerabiles
616 4397 652 4470 in
679 4397 867 4470 fasciculos
895 4397 1029 4470 divisus
1060 4415 1124 4472 est.
1183 4399 1292 4474 Cuius
1323 4405 1417 4500 parti
1448 4406 1643 4500 posteriori
1674 4405 1825 4478 tendine
1860 4405 2021 4504 quadam
2053 4405 2124 4476 lata

336 4521 520 4617 planaque
544 4521 697 4593 musculi
722 4519 1000 4616 longitndinales
1027 4524 1203 4596 ventralee
1234 4523 1377 4608 (Tabl.
1412 4525 1669 4626 Frg.l.11.D.
1700 4527 1789 4603 Teb.
1805 4527 1873 4603 III.
1902 4529 1986 4631 [ἥς.
1997 4527 2026 4600 1.
2039 4524 2123 4620 Db),

336 4644 402 4739 qui
427 4656 546 4715 totum
572 4667 793 4741 percorpus
817 4645 1027 4742 pertinent,
1065 4647 1284 4723 inseruntur.
1335 4650 1441 4722 Parte
1466 4649 1617 4747 quidem
1645 4652 1684 4722 in
1708 4653 1889 4726 anteriore
1915 4649 2126 4723 abdominis

336 4765 510 4863 utrinque
535 4765 576 4839 bi
600 4767 752 4838 musculi
784 4777 944 4863 quatuor
977 4791 1019 4839 ex
1044 4769 1220 4843 fasciculis
1249 4772 1572 4868 longitudinnlibus
1608 4775 1680 4847 sibi
1702 4773 2006 4871 appropinquatis
2031 4797 2124 4846 con·

335 4901 444 4982 stant,
461 4889 509 4961 ab
534 4885 733 4961 undecimo
758 4901 880 4961 autem
907 4891 1043 4962 annulo
1069 4893 1117 4964 ad
1142 4917 1226 4965 eum
1254 4917 1370 4992 usque
1395 4896 1532 4990 locum,
1557 4921 1633 4994 que
1658 4893 1772 4993 pedes
1786 4893 2038 4968 abdominalee
2057 4893 2125 4972 de-

336 5011 473 5103 sinunt,
498 5013 611 5108 magis
636 5011 823 5109 magisque
849 5026 1079 5086 coarctantur·
1100 5027 1211 5112 atque
1230 5016 1509 5111 imminuuntur,
1533 5041 1619 5090 nam
1638 5033 1680 5091 ut
1703 5017 2048 5090 laminae·rentralis
2066 5039 2124 5086 se-

335 5145 481 5228 gmenta
507 5157 583 5206 non
608 5133 775 5230 corporis
795 5136 1013 5208 annulorum
1039 5133 1104 5210 sed
1130 5135 1268 5235 pedum
1294 5163 1449 5216 numero
1476 5139 1972 5240 respondent‚ita1musculi
2002 5138 2125 5234 longi-
