4786 6002
565 675 580 728 t
1132 668 1379 744 ..10-

359 875 417 948 ria
442 875 628 951 abdomen
653 865 843 972 percurrit,
864 865 994 938 cetctis
1019 861 1162 959 organis
1189 861 1395 958 praecipue.
1410 857 1548 954 magnis
1575 851 2146 942 orariisdenseeircumdatum,

362 1000 403 1070 ln
430 999 535 1070 tertia
560 1013 664 1096 parte
688 1007 873 1092 postrema
899 985 1108 1059 abdominis
1133 983 1170 1054 in
1197 985 1407 1054 intestinum
1433 995 1572 1052 rentum
1599 980 1735 1051 transit.
1790 979 1849 1049 llla
1875 1001 1960 1075 pars
1991 979 2150 1050 anterior

360 1122 523 1192 intestini
551 1119 681 1192 eodem
707 1111 822 1186 modo
846 1133 922 1206 quo
945 1108 1166 1178 ventriculus
1192 1103 1405 1178 membrana
1429 1105 1552 1198 tenui,
1576 1104 1754 1200 simplici,
1778 1100 1963 1199 pellucida
1987 1115 2025 1172 'et
2048 1101 2150 1171 lineis

360 1246 569 1316 transversis
595 1243 769 1312 instructa
795 1232 998 1332 (Fig.XII.)
1024 1232 1229 1325 composita
1253 1245 1317 1302 est.
1370 1231 1519 1302 Rectum
1546 1242 1668 1298 autem
1693 1225 1874 1298 structura
1897 1225 2012 1308 multo
2040 1223 2151 1318 magis

361 1365 554 1436 musculari
584 1376 620 1433 et
653 1375 695 1432 ut
731 1356 960 1464 oescplragus
987 1351 1101 1420 trihus
1129 1349 1350 1433 membranis
1377 1349 1622 1443 compositum
1657 1347 1721 1418 asl.
1773 1347 1922 1416 lnterua.
1940 1347 2063 1417 tenuis
2087 1359 2152 1438 est,

362 1485 544 1582 pellucida
569 1486 771 1578 similisque
797 1477 957 1550 intestini
983 1471 1325 1564 membranae„sed
1355 1474 1459 1544 strias
1486 1469 1765 1567 longitudiuales
1792 1472 1996 1565 prbebsus3
2030 1467 2153 1540 media

362 1623 504 1682 constat
532 1621 685 1680 estrato
710 1602 902 1675 musculari
916 1653 927 1693 ,
963 1599 1064 1669 catius
1089 1594 1246 1668 fasciculi
1274 1595 1457 1666 fortissimi
1485 1593 1633 1684 (Totl.
1660 1593 1784 1693 FigJ.
1799 1591 1861 1680 R.)
1888 1594 1959 1664 tela
1985 1593 2152 1664 cellulosa

361 1733 549 1804 coniuncti
578 1725 897 1824 iuzlongitudinem
915 1733 1143 1818 percurrunt,
1168 1733 1205 1788 et
1231 1720 1268 1789 in
1297 1719 1469 1790 interiora
1495 1719 1651 1790 multum
1676 1716 1890 1809 eminentes,
1913 1730 1957 1788 ut
1977 1717 2065 1787 recti
2092 1739 2154 1786 stt-

365 1851 534 1948 perlicies
567 1852 708 1922 interna
744 1847 920 1943 plicarum
953 1843 1112 1938 speciem
1147 1841 1342 1937 praebeat,
1381 1837 1554 1911 efficiunt.
1617 1838 1785 1929 Quorum
1818 1851 1930 1910 strato
1962 1839 2154 1911 musculau'

364 1975 579 2046 membrana
603 1986 749 2045 externa
776 1968 861 2040 satis
886 1979 983 2038 arcte
1006 1965 1202 2035 coniuncta
1236 1977 1311 2056 est,
1344 1986 1439 2059 quae
1464 1961 1656 2059 superficie
1683 1975 1830 2034 externa
1855 1963 1946 2034 laevi
1969 1975 2008 2033 et
2032 1965 2155 2059 splen·

368 2094 456 2168 dida
481 2111 534 2166 est
555 2095 811 2191 imprimisque
836 2089 938 2161 fibris
958 2087 1169 2159 transversis
1191 2087 1265 2156 site
1288 2086 1522 2157 annularibus
1548 2085 1753 2180 composita
1773 2085 2015 2156 essnridetur.
2045 2087 2155 2158 Prae·

366 2216 720 2292 terea-monendum
753 2229 826 2309 est,
860 2239 934 2286 non
968 2213 1084 2284 solum
1114 2212 1151 2281 in
1177 2222 1277 2280 recto
1304 2207 1368 2280 sed
1394 2210 1503 2279 etiarn
1527 2209 1564 2280 in
1590 2207 1721 2278 ceteris
1742 2208 1905 2279 intestini
1928 2211 2156 2304 pastinacae

362 2341 559 2436 praecipue
585 2339 642 2430 iis,
666 2361 761 2435 qnae
788 2348 872 2408 sunt
895 2348 996 2406 recto
1024 2333 1233 2428 proximae,
1258 2331 1447 2425 complura
1472 2328 1531 2400 iila
1555 2342 1705 2424 augusta
1731 2342 1766 2400 et
1791 2327 1962 2425 depressa
1979 2330 2155 2426 conspici,

364 2487 460 2558 quae
487 2487 529 2534 ex
554 2462 656 2533 libris
679 2453 1290 2553 muscularibus·longitudinalibus
1322 2466 1487 2524 constare
1519 2465 1555 2522 ct
1585 2453 1663 2522 siue
1697 2466 1796 2524 certo
1823 2451 1955 2524 ordine
1980 2451 2156 2550 disposita

366 2607 443 2656 esse
467 2583 650 2658 ridentur.
710 2584 843 2654 Ultimo
870 2580 1031 2676 denique
1058 2576 1223 2675 corporis
1248 2577 1287 2648 in
1313 2575 1447 2647 annulo
1474 2589 1597 2646 motus
1617 2575 1707 2646 recti
1733 2575 1855 2648 multis
1877 2577 2046 2649 musculis
2071 2598 2156 2674 pau·

364 2707 460 2776 vulis
482 2707 670 2798 teretibus,
692 2705 756 2800 qui
784 2727 827 2774 ex
852 2699 1008 2796 utraque
1031 2713 1135 2796 parte
1162 2699 1195 2769 ei
1221 2723 1260 2770 se
1287 2699 1461 2790 inserunt,
1487 2696 1686 2770 adiuvatur.
1735 2701 1738 2708 ’

468 2835 499 2910 §-
522 2834 579 2900 10.
632 2828 803 2920 Intestina·
825 2823 1058 2898 membranae
1081 2825 1327 2896 commutatio.
1353 2857 1402 2874 -
1419 2821 1724 2918 Quotiescunque
1748 2835 1839 2894 testa
1864 2837 2011 2896 externa
2035 2825 2154 2923 depe·

367 2953 466 3023 nitur
492 2975 534 3024 ac
556 2952 691 3023 recenti
718 2949 937 3040 restituitur,
969 2947 1078 3018 toties
1111 2946 1272 3017 intestini
1306 2969 1458 3042 quoque
1489 2946 1703 3018 membrana
1727 2962 2001 3022 commutatur..
2033 2951 2154 3022 Oean-

365 3073 476 3170 pbagi
502 3072 654 3170 quidem
680 3085 716 3142 ct
737 3071 825 3143 recti
853 3070 994 3140 interna
1016 3067 1131 3144 modo
1152 3070 1366 3140 membrana
1390 3067 1575 3164 pellucida‘
1594 3069 1805 3165 extrahitur,
1829 3075 2152 3148 ventriculiautem

363 3221 556 3292 processus
580 3219 731 3294 quoque
757 3191 914 3264 maiores
940 3192 1143 3287 sluctusque
1170 3193 1316 3262 latiores
1340 3192 1560 3288 singularum
1585 3192 1775 3289 glandulae
1790 3197 2154 3270 laciniamm-recenti

361 3320 577 3391 membrana
602 3307 813 3394 induuntur.
867 3311 1014 3387 Gaede
1048 3316 1121 3386 iam
1156 3313 1246 3386 duas
1279 3316 1509 3386 membranas
1541 3317 1580 3388 in
1614 3316 1787 3390 intestino
1811 3317 1962 3418 Apum
1975 3323 2156 3420 producti

364 3441 621 3513 animadvertit
657 3455 693 3510 et
707 3438 940 3510 'berthold
972 3433 1071 3509 idem
1099 3439 1141 3508 in
1169 3437 1297 3533 Apode
1325 3452 1448 3509 nostro
1477 3439 1680 3510 observarit
1701 3455 1875 3538 recteque
1899 3443 2153 3541 interpretatus

365 3579 429 3634 est.
483 3565 599 3636 Locus
626 3562 717 3633 mihi
743 3561 848 3633 datus
874 3573 928 3630 est
951 3557 1164 3631 diversisin
1181 3555 1407 3632 'animalibus
1433 3561 1507 3632 boc
1530 3562 1821 3660 phaenomcncn
1849 3589 1998 3661 prqrsus
2030 3591 2154 3666 perse-

366 3685 519 3781 quendi.
572 3685 736 3757 Primum
769 3684 1005 3754 membranae
1039 3683 1204 3754 internae
1237 3684 1436 3780 oesophagi
1467 3697 1508 3756 'ct
1536 3685 1646 3780 recti,
1675 3686 1766 3758 dum
1790 3691 1961 3763 'recentes
1986 3695 2153 3790 eristum,

361 3809 497 3880 sensim
517 3831 538 3882 a
562 3821 673 3880 strato
701 3806 892 3880 mutualari
915 3827 954 3875 se
979 3805 1236 3878 circumdante·
1254 3807 1342 3878 solvi
1368 3823 1582 3906 coeperunt,
1606 3823 1684 3882 tum
1711 3811 1856 3883 illomm
1879 3811 2052 3888 firmitate
2075 3841 2154 3889 ma-

360 3931 415 4028 gis
440 3932 629 4028 magisque
655 3943 787 4023 aucta,
816 3929 971 4002 omnino
992 3929 1039 4000 ab
1064 3929 1123 4002 his
1147 3927 1425 4027 disiunguntur,
1456 3945 1492 4004 et
1522 3947 1670 4004 merua
1695 3945 1838 4006 tantum
1863 3941 2030 4036 corperis
2050 3955 2154 4039 tegu-

362 4069 489 4126 mento
517 4051 786 4146 inhaerescunt,
810 4051 931 4124 donec
952 4075 1025 4122 una
1051 4075 1133 4126 cum
1159 4053 1233 4124 hoc
1258 4051 1536 4153 destringantur.
1588 4056 1711 4153 Longe
1731 4059 1840 4130 aliter
1863 4083 1903 4133 se
1927 4061 2040 4136 habet
2063 4087 2154 4138 ven-

364 4179 485 4252 triculi
518 4192 555 4251 et
582 4175 743 4249 intestini
770 4177 1008 4269 membrana,
1043 4200 1137 4272 quaa
1170 4179 1322 4275 proprio
1357 4176 1470 4248 modo
1507 4191 1764 4253 commutatur.
1828 4185 1990 4258 Primum
2017 4187 2154 4262 scilicet

361 4302 576 4384 membrana
603 4322 752 4394 recens,
783 4298 996 4370 tenuissima
1028 4314 1064 4371 et
1090 4303 1136 4374 ab
1162 4301 1267 4372 initio
1290 4325 1438 4398 prorsus
1462 4300 1643 4396 pellucida
1669 4316 1827 4378 veterem
1852 4309 2077 4405 circumdat,
2116 4325 2153 4382 et

361 4425 402 4493 in
438 4421 638 4498 abdomine
677 4445 760 4494 cum
794 4423 959 4520 partibus
991 4421 1162 4497 intestino
1195 4422 1468 4520 adiacentibus,
1506 4426 1686 4522 imprimis
1722 4453 1805 4503 cum
1837 4434 1968 4505 orariis
2001 4448 2037 4506 et
2064 4457 2151 4509 cum

365 4548 577 4620 membrana
603 4549 670 4620 sub
697 4543 810 4620 corde
833 4569 902 4643 per
925 4546 1111 4619 abdomen
1137 4561 1281 4618 extensa
1313 4561 1388 4618 tam
1422 4562 1519 4620 arcte
1549 4571 1715 4623 connexa
1743 4565 1819 4647 est,
1847 4557 2051 4656 ut-··iutegra
2076 4583 2151 4632 non

363 4668 478 4765 possit
502 4670 548 4741 ab
575 4670 619 4740 iis
644 4668 813 4766 disiungi.
864 4665 981 4765 Saepe
1006 4671 1098 4742 haec
1123 4692 1250 4742 recens
1274 4672 1489 4744 membrana
1512 4685 1633 4746 vetere
1659 4677 2000 4776 molestationem,
2037 4682 2087 4754 ita
2111 4696 2152 4754 ut

361 4794 457 4865 inter
481 4789 571 4878 duas
596 4794 753 4888 spatium
778 4792 864 4864 satis
891 4815 1061 4888 magnum
1086 4793 1236 4864 intersit.
1287 4793 1378 4864 'lum
1400 4795 1458 4866 illa
1484 4798 1598 4896 magis
1618 4801 1805 4898 magisque
1830 4801 2008 4878 densitate
2032 4821 2150 4905 aucta,

359 4918 575 4991 membrana
603 4927 704 4989 tetus
726 4917 859 4990 sensim
886 4927 923 4986 et
947 4915 1129 4991 firmitate,
1144 4929 1181 4988 at
1204 4914 1450 5012 pelluciditate
1474 4920 1614 5016 privata
1637 4925 1762 4996 colors
1787 4925 2046 5016 luten-albida
2069 4929 2150 5004 affi-

359 5039 464 5133 citur,
487 5039 608 5112 divelli
635 5021 820 5132 coepit'et
845 5036 1018 5112 dissoluta
1042 5036 1192 5110 tandem
1217 5063 1291 5112 una
1315 5063 1398 5112 cnm
1417 5043 1545 5114 ceteris
1570 5044 1730 5118 intestini
1754 5051 1936 5124 contentis
1956 5055 2151 5128 anoeiici-

359 5173 428 5234 tur.
481 5159 597 5262 Saepe
623 5161 661 5234 in
686 5159 887 5235 ventriculo
910 5161 1163 5234 membranam
1189 5175 1348 5236 veterem
1374 5162 1564 5262 glandulae·
1589 5170 1793 5268 canalium,
1821 5174 1859 5247 in
1883 5176 2018 5276 quibus
2042 5198 2150 5278 apen
