4786 6002
1045 628 1048 636 .

1119 663 1371 736 -u'-

344 867 480 963 podem
510 867 626 963 ipsum
654 855 843 938 &asendit
868 869 905 928 ct
929 851 975 926 nd
1000 853 1182 927 musculos
1207 853 1284 926 eius
1306 852 1514 950 superiores
1535 876 1576 923 ae
1598 853 1793 946 convertit,
1818 854 1859 924 in
1883 854 2018 950 quibus
2034 877 2137 928 ramo

346 993 486 1062 maiore
511 1002 548 1060 et
572 979 919 1085 profundioreOEig.
928 977 1002 1053 W.
1016 985 1051 1065 tl
1076 977 1223 1070 emisso,
1244 977 1497 1075 compluribus
1518 976 1666 1048 ramulis
1679 973 1892 1064 (ibidus)
1909 974 2136 1052 diffunditur.

448 1103 614 1187 Ceterum
641 1105 791 1204 probis
817 1115 976 1202 quatuor
999 1101 1140 1193 nemis,
1173 1097 1358 1174 interdum
1391 1115 1464 1173 tres
1489 1099 1605 1173 modo
1638 1095 1744 1174 nervi
1771 1124 1792 1172 e
1816 1099 1949 1197 ganglii
1976 1101 2138 1196 margine

344 1232 494 1306 externo
522 1231 591 1303 orti
619 1229 869 1327 reperiuntur,
900 1223 977 1296 duo
1008 1219 1160 1322 quidem
1186 1223 1386 1297 anteriores
1419 1245 1564 1319 semper
1588 1221 1738 1316 adsunt,
1770 1247 1839 1319 pro
1874 1223 2138 1318 posterioribus

346 1373 467 1430 auteur
493 1355 612 1426 nervis
639 1349 823 1424 interdum
848 1371 944 1419 nnus
967 1345 1083 1418 modo
1112 1369 1306 1418 nervorum
1330 1359 1479 1418 truncus
1504 1345 1656 1416 crassior
1687 1347 1932 1442 conspicitur,
1967 1345 2138 1441 quisine

347 1477 462 1550 dubio
487 1490 686 1572 postquam
702 1474 749 1548 siu
774 1451 909 1569 pedem
935 1447 1145 1562 descendit,
1179 1471 1220 1542 in
1254 1491 1376 1544 mmor
1410 1469 1479 1542 illis
1514 1469 1633 1540 nervis
1663 1467 1927 1565 suspendentes
1948 1467 2136 1540 dividitur⁸

347 1601 390 1684 Et
413 1599 477 1670 bis
502 1600 539 1671 iu
565 1589 989 1692 exemplaribus,'quod
1020 1589 1092 1660 iam
1118 1590 1429 1690 supradiximus,
1459 1605 1579 1666 totum
1609 1613 1805 1665 nervorum
1833 1606 1991 1688 systema
2014 1592 2138 1664 minus

347 1725 542 1822 perspicue
565 1721 797 1818 perfecteque
824 1715 991 1787 ellectum
1018 1735 1094 1784 esse
1119 1712 1273 1786 videtur.

444 1851 475 1926 t.
512 1849 571 1915 31.
601 1841 720 1914 Nervi
734 1837 956 1938 posterioris
977 1837 1102 1931 portis
1124 1833 1345 1911 ebdominta
1359 1873 1406 1892 -
1420 1837 1571 1934 lnpertn
1595 1836 1797 1933 posteriore
1809 1833 2020 1908 abdominis
2037 1839 2138 1910 nervi

345 1969 448 2040 aliter
471 1965 638 2060 dispositi
664 1974 759 2034 sunt.
797 1959 846 2030 Ex
871 1956 1063 2054 superficie
1089 1959 1188 2031 enim
1217 1959 1371 2032 cuiusvis
1391 1959 1524 2057 ganglii
1550 1981 1682 2032 nervus
1710 1959 1829 2030 tenuis
1857 1961 1973 2033 oritur
1995 1963 2137 2063 <rign

344 2095 379 2163 8.
396 2089 441 2158 V
440 2097 475 2181 .),
491 2089 554 2184 qui
583 2086 763 2157 musculos
781 2079 1063 2178 longitudinales
1088 2083 1265 2154 ventrales
1282 2087 1529 2180 'transgreisus
1550 2083 1647 2154 inter
1670 2083 1860 2155 fasciculos
1891 2085 2137 2158 musurlcrum

342 2211 543 2283 lateralium
571 2211 807 2304 obliquorum
835 2204 882 2276 ad
910 2207 1092 2276 musculos
1107 2203 1267 2276 dorsalea
1284 2227 1322 2275 se
1337 2206 1527 2276 convertit.
1559 2207 1599 2278 ln
1625 2207 1670 2278 iis
1690 2231 1758 2304 per
1770 2208 1979 2305 complures
2002 2231 2140 2304 corpo·

342 2336 391 2406 ris
419 2334 574 2406 annulos
599 2331 646 2402 ad
674 2330 824 2402 dorsum
848 2326 1012 2400 ascendit
1037 2340 1074 2398 et
1094 2325 1188 2398 duos
1214 2327 1253 2399 in
1279 2349 1401 2398 ramos
1426 2327 1536 2412 libid:
1555 2357 1591 2404 ιι.
1605 2337 1654 2416 ιι.)
1681 2329 1868 2424 dividitur,
1894 2355 2054 2428 quorum
2077 2355 2141 2404 su-

341 2459 468 2554 perior
497 2456 533 2528 in
556 2453 747 2550 superlicio
783 2453 1030 2524 musculorum
1064 2450 1263 2522 dorsalium
1293 2448 1473 2545 decurrit,
1510 2452 1662 2526 inferior
1692 2467 1728 2524 et
1758 2451 1982 2550 profundior*
2008 2477 2137 2528 eonuu
2169 2466 2173 2472 ’

342 2580 531 2652 fasciculos
552 2577 809 2672 complectitur
833 2589 871 2646 et
896 2575 933 2644 in
957 2572 1050 2645 duos
1078 2573 1135 2645 rel
1164 2586 1237 2644 tres
1269 2593 1391 2644 ramos
1422 2572 1505 2642 exit.
1566 2574 1661 2646 llaec
1693 2575 1821 2646 saltem
1845 2576 1980 2648 horum
2007 2599 2140 2648 nervo-

340 2724 423 2774 rum
450 2701 642 2798 dispositio
673 2713 725 2769 est
751 2698 894 2769 annulis
920 2696 959 2766 in
982 2695 1225 2768 anterioribus
1246 2696 1359 2792 partis
1383 2696 1597 2792 posterioris
1623 2695 1853 2791 abdominis,
1877 2701 2140 2795 posterioribus

341 2827 379 2898 in
406 2825 568 2917 aunrrlis,
605 2823 643 2892 in
670 2822 804 2918 quibus
828 2819 968 2916 singula
992 2819 1131 2916 ganglia
1156 2819 1259 2896 valde
1281 2819 1352 2891 sibi
1376 2819 1673 2916 appropinquata
1698 2834 1804 2915 sunt,
1830 2823 1931 2893 nervi
1956 2827 2139 2898 muscidos

342 2949 515 3046 obliquos
538 2959 741 3043 sequuntur
767 2957 804 3014 et
828 2943 923 3013 inter
948 2965 1075 3012 eorum
1100 2941 1260 3038 singulos
1283 2939 1471 3014 fasciculos
1501 2939 1561 3012 siti
1588 2955 1688 3016 sunt
1741 2943 1792 3014 de
1822 2942 1901 3014 bini
1936 2945 2038 3015 nervi
2065 2945 2136 3018 sibi

339 3071 499 3169 proximi
523 3091 626 3142 ramo
652 3067 754 3142 tenui
781 3067 877 3138 inter
907 3089 945 3136 se
971 3064 1159 3136 coniuncti
1193 3087 1269 3135 esse
1296 3062 1478 3136 videntur.
1540 3067 1660 3162 Prope
1696 3067 1743 3140 ab
1771 3066 1911 3162 origine
1946 3091 2077 3140 omnes
2099 3069 2138 3140 hi

340 3195 442 3266 nerri
468 3191 656 3264 tenerrimi
681 3203 766 3262 sunt
791 3213 834 3260 ac
857 3184 1048 3284 pellucidi,
1082 3209 1127 3257 co
1153 3199 1275 3258 autem
1300 3185 1407 3279 loco,
1436 3211 1515 3284 quo
1541 3189 1789 3262 musculorum
1817 3191 2055 3288 obliquorum
2083 3193 2136 3265 la-

340 3313 493 3386 sciculos
516 3314 660 3404 ineunt,
686 3311 878 3383 crassiores
901 3307 994 3378 fiunt
1020 3307 1223 3404 meliusque
1249 3310 1350 3398 cerni
1372 3324 1538 3406 possunt.

445 3433 560 3531 Quod
584 3434 633 3504 ad
656 3458 787 3504 nervos
814 3432 942 3503 attinet
969 3443 1116 3501 externo
1144 3453 1165 3498 e
1190 3430 1353 3526 margine
1386 3433 1612 3528 gangb'orum
1640 3437 1811 3532 emissos,
1846 3439 1916 3510 hac
1951 3439 1990 3510 in
2014 3454 2140 3536 poste-

288 3615 291 3625 .
341 3561 440 3634 riore
467 3569 570 3654 parte
587 3553 809 3626 abdominis
833 3577 1035 3648 numquam
1062 3565 1221 3647 quatuor
1248 3551 1360 3644 nervi,
1386 3551 1452 3624 sed
1474 3567 1547 3628 tres
1571 3571 1713 3630 tantum
1739 3535 1873 3660 (thsl.
1903 3565 1936 3632 7.
1952 3559 2001 3634 R.
2026 3561 2063 3636 S.
2080 3563 2140 3650 X.)

345 3680 598 3777 reperiuntur,
636 3701 794 3772 quorum
827 3689 1035 3772 postremus
1069 3674 1144 3764 (X.)
1179 3674 1375 3769 posteriori
1409 3676 1447 3748 in
1479 3679 1688 3754 abdominis
1720 3685 1902 3756 anteriore
1934 3700 2038 3783 parte
2065 3689 2142 3783 pari

344 3801 406 3890 (Τ.
434 3815 471 3875 et
503 3799 561 3885 U.)
589 3798 798 3896 respondet.
833 3799 873 3869 ln
900 3797 1068 3868 extremis
1092 3796 1243 3893 gangliis
1268 3795 1374 3868 valde
1399 3799 1469 3871 sibi
1491 3803 1725 3898 propinquis,
1751 3829 1883 3876 nervus
1899 3807 2026 3878 tertius
2046 3831 2145 3904 quo·

344 3951 418 4024 que
440 3922 680 4014 desideratur,
711 3933 747 3991 et
769 3919 929 3992 anterius
956 3917 1070 3990 modo
1098 3941 1226 3990 courrn
1253 3941 1322 4013 par
1346 3922 1545 4018 reperitur,
1573 3949 1732 4021 quorum
1758 3923 1973 4001 alteralteri
1998 3931 2047 4002 ita
2073 3931 2145 4002 im·

344 4049 488 4145 positam
515 4057 581 4138 est,
609 4057 651 4116 ut
676 4041 750 4116 duo
777 4054 945 4114 truncum
971 4041 1174 4136 simplicem
1202 4063 1427 4138 componere
1453 4045 1654 4118 videantur.

446 4178 477 4254 ς.
511 4175 571 4242 32.
624 4167 774 4241 Nervus
795 4181 964 4240 extremo
989 4168 1158 4262 corporis
1181 4163 1320 4238 αιιιιιιὶο
1339 4173 1527 4265 proprius.
1552 4205 1598 4224 -·
1621 4171 1754 4267 llestat,
1780 4186 1820 4246 ut
1848 4199 1996 4247 cerrum
2024 4199 2145 4274 quen-

355 4293 440 4372 dam
466 4309 502 4366 et
528 4305 680 4389 propter
705 4289 883 4388 originem
920 4299 955 4358 ct
981 4301 1132 4384 propter
1164 4288 1274 4360 situm
1308 4289 1393 4362 satis
1424 4295 1699 4366 memorabilem
1733 4300 2046 4395 contemplemur,
2078 4301 2144 4395 qui

353 4415 492 4512 Apo‘dis
517 4413 688 4510 proprius
711 4433 787 4482 esse
812 4407 969 4502 ridetur,
994 4432 1116 4506 neque
1142 4408 1221 4480 aliie
1244 4410 1285 4482 in
1307 4407 1506 4486 Crustaceis
1533 4440 1654 4512 neque
1680 4420 1717 4490 in
1745 4421 1903 4515 luseotis,
1928 4419 2031 4518 quod
2056 4421 2145 4515 scio,

354 4537 475 4610 adbuc
503 4537 711 4608 observatus
738 4543 802 4606 est.
853 4529 921 4602 llic
942 4553 1071 4602 nurus
1098 4529 1197 4628 (Εἰς.
1206 4530 1235 4604 1.
1262 4538 1296 4606 7.
1324 4538 1359 4610 8.
1384 4535 1441 4624 Υ.)
1468 4537 1506 4608 in
1530 4554 1769 4637 conspectum
1792 4548 1902 4636 venit,
1926 4545 2147 4642 simulatque

356 4659 504 4736 aui-ali
530 4681 550 4732 a
580 4657 690 4730 dorso
713 4667 865 4752 aperto,
898 4652 1110 4728 intestinum
1144 4665 1182 4726 et
1207 4656 1414 4730 orariorum
1445 4683 1528 4756 pars
1556 4663 1739 4757 posterior
1770 4679 2000 4761 remoretur,
2033 4667 2147 4738 libere

356 4787 455 4864 enim
487 4807 555 4883 per
580 4780 791 4856 abdominis
818 4787 1040 4876 postremam
1063 4789 1204 4873 partem
1229 4777 1276 4852 ad
1304 4795 1503 4856 extremum
1532 4809 1652 4882 usque
1679 4789 1853 4860 annulum
1884 4791 2050 4887 corporis
2080 4789 2144 4860 dc·

352 4913 475 4986 ourrit.
526 4911 651 4982 Primo
686 4903 838 5004 quidem
865 4901 999 4980 intuitu
1023 4899 1182 4976 dubitari
1219 4917 1358 5000 potest,
1391 4931 1478 4982 oum
1512 4907 1604 4982 baec
1634 4907 1819 4984 illamenta
1849 4911 1971 4984 albida
2002 4926 2039 4984 et
2063 4911 2148 4984 satis

352 5019 619 5117 crassa'rerera
643 5031 744 5104 nervi
771 5029 856 5122 sint,
881 5025 945 5100 sed
973 5049 1087 5122 quum
1116 5028 1338 5124 compluries
1363 5049 1406 5100 ea
1430 5025 1479 5102 ad
1502 5029 1681 5126 originem
1709 5056 1826 5127 usque
1853 5033 2047 5130 egaogliis
2062 5057 2148 5130 per-

351 5173 526 5260 sequutus
552 5157 644 5250 aim,
679 5154 757 5230 boc
781 5152 865 5226 satis
898 5149 990 5226 mihi
1023 5173 1237 5246 pennum
1271 5164 1333 5225 ert.
1395 5149 1573 5226 Oriusurr
1605 5167 1727 5228 aetem
1757 5155 1803 5229 hi
1827 5155 2079 5230 ner-rimedia
2107 5181 2151 5230 ex
