4786 6002
345 857 473 930 ximus.
524 857 751 932 Ventriculus
775 879 951 950 venosus,
982 857 1047 954 qni
1073 857 1283 953 sanguinem
1311 881 1331 928 e
1356 853 1542 928 branchiis
1573 855 1725 951 excipit,
1741 885 1744 892 ·
1760 853 1871 927 conde
1905 856 2135 953 superiorum

347 982 559 1054 animalium
587 1006 629 1053 ac
663 981 858 1076 praecipue
891 977 1167 1050 Crtrstaceorum
1204 977 1443 1076 Decapodum
1478 977 1702 1074 respondet3
1737 981 1957 1058 ventriculus
1982 983 2136 1065 artorio·

347 1127 429 1195 sus,
461 1104 561 1174 euius
583 1103 738 1198 parietes
764 1103 977 1174 membrana
1004 1101 1062 1172 illa
1089 1125 1154 1198 per
1179 1100 1369 1174 abdomen·
1400 1115 1545 1174 extensa
1569 1119 1859 1202 componuntur,
1881 1105 2136 1200 primordium

347 1226 547 1322 systematis
570 1225 804 1318 arteriarum,
837 1222 941 1320 quod
968 1223 1039 1294 iam
1067 1223 1104 1294 in
1127 1223 1378 1320 superioribus
1399 1220 1602 1295 Crustaceis
1634 1249 1781 1321 prorsus
1804 1225 2003 1324 perlectum
2031 1251 2139 1322 repe-

348 1349 450 1439 ritur,
477 1346 596 1441 relmt,
623 1361 660 1418 ct
686 1349 724 1418 iu
751 1347 874 1420 medio
897 1349 1038 1443 positus
1063 1371 1139 1418 esse
1165 1346 1309 1431 ridetur
1334 1348 1429 1420 iuter
1454 1343 1519 1419 cor
1542 1349 1739 1446 proprium
1764 1351 1978 1422 artoriosum
2000 1364 2036 1421 et
2055 1349 2137 1422 bul-

349 1471 436 1543 bum
465 1471 653 1567 quendam
679 1486 820 1563 aortae,
862 1443 1210 1567 qui‘compluribus
1235 1469 1273 1542 in
1299 1470 1515 1542 animalibus
1539 1447 1889 1566 superioribus,'‚nt
1915 1473 1952 1544 in
1978 1472 2139 1568 piscilurs

350 1607 386 1664 et
410 1594 601 1688 reptilibus
627 1595 812 1666 nonnullis
838 1594 1061 1686 observatur,
1088 1595 1184 1665 etin
1210 1593 1269 1664 his
1285 1571 1436 1691 quoque
1461 1610 1614 1694 propter
1644 1610 1786 1668 motum
1820 1595 2040 1694 peculiarem
2061 1619 2139 1668 uon

347 1730 426 1788 tam
452 1719 603 1790 arteriae
630 1743 739 1814 quarn
764 1716 886 1790 cordis
910 1731 994 1814 pars
1021 1717 1213 1789 habendus
1234 1732 1297 1790 est.
1325 1703 1373 1774 ’-
1400 1719 1552 1816 Sanguis
1577 1733 1720 1813 autem,
1754 1734 1798 1791 ut
1818 1720 1994 1813 vidimus,
2028 1717 2141 1792 corde

351 1842 390 1912 in
417 1853 557 1936 partem
583 1839 803 1913 anteriorem
832 1839 1147 1936 cephalothoracis
1173 1843 1409 1939 propellitur,
1426 1846 1505 1916 -ubi
1538 1857 1575 1915 et
1599 1845 1713 1914 oculis
1737 1845 1966 1940 cerebroque
1992 1859 2027 1914 et
2052 1867 2141 1940 pro-

281 1945 287 1954 ’
333 1965 510 2036 -cessibus
532 1963 722 2036 ventriculi
743 1963 965 2061 glandulosis
988 1965 1034 2036 ab
1061 1957 1233 2059 omnibus
1259 1966 1422 2061 partibus
1447 1965 1759 2043 circumfunditur.
1802 1968 1973 2040 Summus
1996 1965 2142 2060 sangui-

334 2089 412 2159 ·nis
438 2088 534 2159 rivus
555 2086 655 2174 ¹inde
682 2097 750 2183 per
773 2088 913 2158 labrum
944 2086 990 2158 ad
1023 2101 1164 2184 partem
1197 2092 1363 2185 corporis
1394 2094 1590 2166 neutralem
1626 2093 1750 2185 venit,
1784 2103 1820 2160 et
1851 2089 1994 2160 minore
2025 2085 2140 2159 ririrlo

354 2211 511 2304 emisso,
552 2213 616 2308 qui
643 2213 794 2285 circuitu
821 2233 889 2306 per
915 2234 1043 2296 omnes
1068 2209 1182 2308 pedes
1211 2211 1312 2284 lacto
1336 2213 1376 2284 in
1403 2213 1504 2285 illum
1539 2214 1658 2311 ipsum
1684 2211 1823 2303 refluit,
1857 2207 1951 2280 diros
1982 2210 2020 2280 in
2046 2210 2143 2280 risos

335 2329 569 2428 diuiditur,¹
592 2357 751 2429 quorum
783 2333 943 2405 alteria
974 2335 1084 2408 latere
1116 2335 1431 2432 cephalothoracis
1462 2327 1663 2409 ascendens
1697 2333 1744 2405 ad
1771 2331 1964 2403 branchias
1988 2332 2143 2403 scenice

354 2455 507 2549 ooulert,
533 2469 585 2550 ul,
612 2469 808 2552 postquam
834 2453 1081 2554 respiraverit,
1116 2457 1252 2531 adcor
1274 2457 1425 2554 redeat,
1459 2460 1549 2532 alter
1571 2449 1695 2532 aulem
1720 2443 1909 2528 caritatem
1936 2450 2146 2522 abdominis

352 2577 565 2670 inieriorem
591 2577 723 2672 intrat,
747 2593 789 2651 ut
814 2581 977 2675 partibas
1003 2581 1220 2678 genitalibus
1244 2581 1456 2678 sanguinem
1483 2577 1694 2676 suppeditet
1718 2589 1757 2648 et
1775 2599 1884 2648 succo
1912 2572 2047 2646 recenti
2075 2597 2145 2644 nu·

354 2701 476 2795 tricio,
500 2702 566 2798 qui
591 2725 658 2798 per
683 2687 913 2776 membranas
939 2705 1099 2776 intestini
1124 2703 1255 2781 sudare
1279 2704 1435 2799 ridetur,
1459 2717 1623 2802 recepto,
1647 2701 1774 2781 mcor
1788 2698 1915 2774 redeat
1933 2721 2054 2794 neque
2079 2721 2146 2768 an-

356 2837 416 2898 tea
441 2825 603 2921 respiret
655 2827 733 2898 lloc
766 2829 874 2926 igimr
908 2829 945 2899 in
976 2829 1130 2900 circuitu
1165 2853 1233 2908 neo
1264 2829 1330 2902 riri
1358 2829 1484 2902 venosi
1506 2830 1563 2901 ‘ab
1591 2826 1790 2920 arteriosis,
1824 2825 1894 2898 ne'o
1925 2822 2048 2894 minor
2076 2843 2146 2917 per

349 2950 542 3022 branchias
563 2950 734 3022 circuitus
758 2975 779 3022 a
805 2951 958 3023 circuitu
983 2977 1050 3048 per
1075 2977 1208 3049 corpus
1221 2953 1360 3027 maiore
1387 2951 1558 3024 distincte
1583 2949 1736 3022 seiuncti
1749 2961 1840 3019 sunt
1864 2959 1901 3018 et
1925 2969 2008 3043 pars
2028 2941 2141 3016 modo

340 3071 536 3168 sanguinis
562 3073 692 3167 quovis
718 3073 757 3143 in
783 3071 1138 3171 circuitusrespiraro
1161 3089 1294 3172 potest.
1328 3104 1375 3132 -ι
1410 3075 1606 3172 Superiore
1632 3071 1750 3146 au'tem
1778 3071 1987 3144 abdominis
2013 3071 2051 3140 in
2077 3093 2140 3140 ca-

350 3195 460 3266 ritate
483 3194 588 3280 (Tala.
606 3197 637 3268 Ι.
664 3197 748 3295 Fig.
760 3195 891 3271 XVII.
908 3199 991 3291 K),
1019 3195 1121 3296 ‚quae
1155 3200 1277 3274 cordis
1309 3199 1639 3272 atrio'animalium
1673 3197 1901 3294 superiorum
1929 3191 2139 3290 respondet,

350 3299 496 3414 sanguis
522 3316 685 3391 diversae
708 3317 857 3404 naturae
882 3321 1139 3418 confunditur,
1173 3325 1334 3421 primum
1365 3313 1477 3414 enim·
1491 3343 1535 3392 ca
1554 3311 1808 3394 'anterioribus
1832 3333 1869 3397 et
1892 3317 2140 3413 anterioribus

348 3440 514 3536 partibus
540 3441 713 3536 utrinque
739 3443 872 3514 rivulus
894 3467 1024 3539 parvus
1050 3448 1195 3540 refluit,
1219 3450 1284 3544 qui
1305 3445 1496 3523 ventriculi
1521 3444 1786 3542 appendicibus
1810 3439 2031 3541 glandulosis
2055 3463 2140 3537 pan·

350 3563 604 3648 tesnutricias
629 3555 792 3635 reddidit
817 3563 964 3648 (lobi.
990 3569 1077 3667 Frg.
1092 3567 1226 3643 XVII.
1240 3571 1316 3666 E),
1349 3583 1426 3644 tum
1462 3593 1570 3668 supra
1602 3567 1825 3640 thoracleam
1855 3563 1978 3638 cordis
1999 3577 2140 3660 partem

352 3683 487 3766 canalis
512 3683 632 3780 impar
657 3681 827 3756 mediana
852 3686 891 3758 in
916 3687 1012 3760 linea
1036 3689 1127 3760 scuti
1153 3691 1241 3762 situs
1267 3683 1338 3762 exit
1363 3690 1464 3776 (ibid.
1491 3689 1535 3777 b.)
1548 3743 1561 3785 ,
1588 3689 1651 3787 qui
1678 3711 1824 3786 parram
1853 3685 2037 3781 sanguinis
2057 3691 2147 3780 pan-⁸

209 3853 217 3869 ·
349 3817 424 3878 tem
450 3829 471 3876 e
496 3805 684 3877 branchiis
707 3804 878 3902 adducit,
917 3807 1080 3908 denique
1116 3813 1212 3886 rivus
1237 3814 1415 3886 maximus
1445 3837 1466 3886 a
1491 3814 1644 3886 caritate
1676 3809 1879 3909 posteriore
1912 3821 1949 3878 et
1974 3806 2144 3878 inferiore

352 3921 563 3998 abdominis
585 3923 720 4019 alllnit,
755 3929 819 4022 qui
841 3931 1054 4027 sanguinem
1082 3933 1289 4008 recentibus
1314 3938 1431 4011 succis
1457 3937 1692 4010 alimentariis
1717 3959 1759 4006 ex
1790 3933 1961 4006 intestino
1982 3931 2145 4026 „receptis

284 4087 285 4092 =
351 4047 569 4122 instruebant
595 4048 709 4121 affert.
760 4049 835 4146 Qui
862 4053 982 4124 omnis
1008 4056 1152 4153 sanguis
1186 4059 1298 4133 corde
1324 4085 1393 4158 per
1421 4060 1569 4133 rimulas
1601 4057 1725 4156 viginti
1757 4055 1949 4128 imbibitur
1974 4067 2010 4124 et
2036 4055 2073 4124 in
2097 4075 2142 4124 eo

229 4229 234 4239 ι
350 4171 432 4268 ipso
458 4195 542 4244 cum
568 4173 742 4270 sangarius
768 4173 892 4268 rubro,
919 4179 983 4273 qui
1009 4203 1077 4274 per
1102 4203 1211 4255 renas
1231 4183 1461 4258 branchiales
1487 4185 1605 4280 ipsum
1631 4182 1670 4253 in
1698 4205 1763 4253 cor
1787 4177 1958 4270 refertur,
1986 4175 2144 4247 commi-

350 4307 481 4368 scetur.
509 4296 749 4392 -Sanguis,
789 4297 853 4393 qui
880 4301 1059 4396 reperitur
1093 4303 1187 4376 cirea
1213 4306 1339 4378 oculos
1365 4319 1401 4377 et
1427 4307 1464 4378 iu
1490 4319 1593 4403 parte
1620 4305 1803 4376 anteriore
1827 4288 2145 4398 cephalothoracis

352 4427 394 4486 et.
413 4417 451 4488 in
476 4415 653 4488 branchia
672 4418 787 4512 scuti,
818 4420 943 4492 colore
969 4423 1080 4496 rubro
1103 4439 1165 4498 est.
1216 4427 1255 4502 Si
1283 4431 1322 4503 in
1350 4456 1412 4504 vas
1438 4429 1630 4530 quoddam
1658 4431 1850 4527 recipitur,
1874 4427 1980 4498 llocoi
2007 4425 2146 4496 mbeu-

350 4549 405 4610 tes
431 4561 474 4611 ex
499 4563 544 4610 eo
566 4554 791 4638 separantur,
815 4567 926 4642 super
949 4547 1085 4644 quibus
1109 4549 1233 4648 liquor
1255 4553 1415 4628 lucidior
1438 4557 1679 4656 relinquitur.¹
1718 4557 1768 4629 Ex
1794 4553 1997 4628 abdomine
2024 4562 2144 4622 autem

350 4672 479 4757 aperto
506 4663 647 4759 sanguis
670 4663 793 4736 minus
819 4665 932 4738 ruber
954 4669 1147 4768 minusque
1172 4675 1306 4770 spissus
1332 4677 1540 4754 effimditur.
1591 4681 1631 4752 ln
1657 4674 1874 4752 animalibus
1900 4672 2055 4747 mortuis
2079 4669 2145 4742 sed

351 4783 561 4860 recentibus
586 4807 669 4858 rasa
693 4786 733 4858 in
758 4780 983 4862 extremitate
1008 4797 1174 4891 corporis
1205 4799 1273 4872 sita
1298 4802 1421 4875 colore
1448 4798 1733 4876 obscuro-viridi
1762 4812 1960 4898 apparent,
1985 4797 2042 4868 sin
2059 4817 2146 4866 vem

352 4905 486 4980 animal
512 4902 651 4980 diutius
677 4909 717 4980 in
741 4911 872 5008 spiritu
896 4913 969 4985 vini
992 4913 1341 5019 desposirnmemt,
1363 4926 1421 4998 his
1448 4913 1600 5024 quoquc
1623 4926 1662 4997 in
1687 4925 1854 5024 partibus¹
1875 4919 2057 5018 sanguinis
2082 4939 2148 4988 oo-

351 5029 469 5104 lonem
495 5027 757 5106 rubescentem
782 5035 974 5132 accipitet
998 5061 1152 5116 massam
1178 5046 1386 5122 cellulosam
1412 5063 1449 5122 et
1474 5065 1682 5124 concretam
1709 5049 1922 5147 componit,
1950 5033 2046 5120 dum'
2063 5058 2148 5112 sau-

345 5151 436 5250 ·guis
460 5151 501 5228 iu
524 5151 715 5228 branchiis
741 5167 779 5228 et
802 5155 841 5230 in
867 5172 969 5257 parte
995 5165 1163 5262 corporis
1185 5171 1367 5246 anteriore
1394 5197 1415 5250 e
1438 5171 1586 5271 singulis
1610 5173 1736 5247 leviter
1763 5171 1859 5246 inter
1882 5193 1920 5242 se
1946 5161 2150 5242 coniunctis
