4786 6002
255 870 291 929 et
304 855 457 928 ‚nitente
479 867 720 947 structuram,
744 865 786 926 ut
812 852 861 926 ita
886 849 1029 947 dicam,
1062 851 1274 952 imperfecte
1287 851 1476 926 radiatam
1503 855 1666 952 praebet,
1692 881 1806 954 quum
1832 859 2043 934 innumera·

252 961 344 1052 biles
368 979 656 1052 lineaetenerae
689 1001 732 1049 ac
758 976 879 1048 multis
905 975 1025 1059 modis
1050 977 1146 1049 inter
1169 999 1207 1048 se
1232 977 1449 1050 coniunctae
1474 1001 1737 1076 connexaeque
1763 1005 1783 1054 a
1809 962 1969 1080 margine
1995 983 2044 1057 ad

254 1100 414 1175 mediam
440 1115 582 1198 partem
607 1099 801 1172 decurrere
826 1096 1028 1170 rideantur.
1080 1098 1118 1171 Si
1143 1099 1235 1171 haec
1261 1100 1494 1192 membrana,
1523 1125 1618 1196 quae
1643 1102 1760 1174 solute
1785 1117 1926 1176 tantum
1951 1107 2045 1178 emi·

254 1220 401 1296 neatiae
425 1221 533 1294 insita
557 1234 611 1294 est
635 1237 672 1294 et
695 1245 804 1318 saepe
829 1219 876 1294 ad
901 1206 1028 1292 testam
1054 1233 1239 1292 externam
1266 1218 1504 1313 adhaerescit,
1530 1235 1749 1315 removetur,
1771 1222 1892 1294 subito
1914 1249 2044 1296 omnes

254 1341 547 1418 diversicolores
572 1343 781 1418 auferuntur
813 1357 850 1416 et
873 1356 950 1418 tota
975 1339 1184 1439 superficies
1207 1365 1321 1413 unum
1355 1341 1470 1413 modo
1497 1342 1658 1415 colorem
1684 1344 1904 1416 subrubeum
1936 1371 2043 1442 prae-

254 1470 328 1541 bet.
380 1468 460 1564 lpsa
486 1481 606 1540 autem
634 1467 851 1560 eminentia,
884 1465 1013 1562 parieti
1039 1465 1219 1561 superiori
1250 1463 1344 1534 illius
1380 1464 1540 1536 caritatis
1571 1465 1699 1559 insita,
1732 1489 1828 1561 quae
1854 1469 2042 1541 ventriculi

240 1588 378 1684 ,cordis
402 1589 566 1664 arteriosi
604 1611 688 1684 pars
718 1566 879 1662 anterior
911 1601 966 1658 est
997 1611 1040 1658 ac
1069 1609 1178 1681 supra
1204 1584 1411 1681 diligentius
1441 1584 1621 1684 descripta
1655 1588 1712 1673 (cl.
1739 1595 1770 1670 §.
1791 1584 1889 1683 aa),
1921 1591 2043 1662 multis

235 1709 449 1794 tumentis
474 1708 600 1782 solidis
623 1709 800 1806 componi
835 1708 978 1782 ridetur
1010 1710 1106 1808 (Fig.
1125 1706 1248 1780 XXV
1250 1707 1317 1800 1.),
1348 1732 1443 1804 quae
1467 1731 1489 1780 a
1513 1709 1676 1806 margine
1702 1710 1779 1782 eius
1803 1690 1972 1784 radiatim
1996 1711 2042 1784 ad

257 1846 378 1930 partes
403 1831 609 1906 adiacentes
630 1854 669 1902 se
694 1829 903 1924 conterunt,
927 1856 948 1904 a
973 1846 1076 1928 parte
1101 1831 1223 1905 media
1248 1845 1369 1906 autem
1392 1856 1458 1927 per
1483 1833 1672 1906 cavitatem
1696 1834 1792 1907 illam
1818 1835 1933 1907 libere
1959 1860 2044 1930 per-

255 1954 394 2031 vadunt
419 1968 456 2027 et
477 1954 586 2026 huius
610 1952 740 2048 parieti
761 1951 926 2026 inferiori
948 1952 1053 2026 affixa
1077 1969 1173 2026 sunt.
1222 1955 1462 2052 Nequaquam
1490 1969 1610 2036 autem
1636 1957 1728 2029 haec
1753 1957 1938 2032 filamenta
1960 1983 2045 2032 usr-

255 2101 354 2171 rosa,
379 2075 443 2150 sed
469 2077 583 2172 magis
608 2075 799 2150 tendinosa
825 2100 901 2150 esse
926 2075 1095 2150 ridentur
1121 2089 1157 2148 et
1180 2091 1281 2150 tanta
1304 2091 1390 2150 sunt
1413 2077 1614 2172 soliditate,
1647 2093 1689 2152 ut
1713 2077 1860 2155 difficile
1886 2080 2043 2177 discerpi

256 2215 293 2273 et
316 2201 485 2274 dissecari
509 2201 660 2296 possint.
711 2201 811 2272 illam
838 2198 989 2296 quidem
1012 2201 1202 2272 cavitatem
1228 2223 1360 2272 nervus
1386 2201 1483 2300 (Fig.
1499 2201 1585 2272 XX.
1599 2200 1666 2295 fi),
1705 2200 1806 2272 cuius
1835 2201 1908 2276 iam
1936 2226 2044 2298 supra

257 2325 394 2398 mentio
417 2324 509 2398 laeta
535 2337 607 2418 est,
641 2347 662 2396 e
689 2348 800 2430 neryo
823 2321 920 2396 oculi
954 2321 1100 2393 iuvenili
1127 2322 1273 2394 animali
1306 2323 1447 2418 proprii
1481 2335 1581 2395 ortus
1606 2323 1716 2396 intrat
1740 2335 1777 2394 st
1801 2320 1954 2397 ducein
1982 2349 2044 2396 ra-

256 2472 338 2520 mos
361 2447 536 2540 finditur,
566 2445 632 2520 sed
655 2470 769 2543 porro
795 2445 864 2518 hos
894 2445 1065 2540 persequi
1093 2469 1169 2516 non
1194 2445 1311 2540 potui.
1346 2485 1385 2498 -
1427 2446 1470 2518 Et
1494 2447 1586 2520 haee
1611 2445 1756 2539 habeo,
1791 2445 1958 2544 quaeda
1984 2447 2043 2520 his

255 2570 419 2667 partibus
446 2569 569 2644 dicere
596 2569 757 2664 possim,
782 2581 823 2640 ut
847 2549 1050 2666 accuratius
1071 2566 1295 2662 perquiram,
1320 2579 1405 2662 apta
1429 2566 1647 2661 exemplaria
1665 2567 1758 2640 mihi
1776 2566 1937 2639 deerant.
1974 2568 2044 2640 lta·

258 2716 331 2788 que
357 2715 581 2788 quamquam
616 2687 664 2762 de
688 2713 773 2762 vera
803 2687 911 2760 huius
940 2689 1066 2784 organi
1098 2703 1226 2762 natura
1258 2703 1294 2760 et
1325 2689 1511 2764 functione
1546 2689 1748 2763 diiudicare
1781 2717 1857 2764 non
1882 2715 2045 2787 possum,

257 2815 297 2886 id
320 2815 473 2886 minime
498 2814 649 2910 intelligi
674 2825 806 2908 potest,
832 2807 1023 2906 quomodo
1051 2809 1121 2882 hae
1146 2825 1266 2908 partes
1287 2812 1384 2884 oculi
1408 2813 1487 2884 vice
1506 2812 1710 2910 ltrngantur,
1735 2837 1848 2908 quum
1876 2837 1945 2886 nec
1965 2815 2046 2886 len·
2115 2875 2119 2882 .

257 2941 304 3011 tis
330 2963 398 3010 nec
423 2938 588 3034 corporis
614 2937 719 3008 vitrei
742 2935 930 3032 vestigium
958 2935 1170 3030 reperiatur.
1234 2931 1368 3007 Contra
1394 2935 1556 3006 maculae
1585 2935 1666 3006 illae
1696 2937 1848 3029 rubrae,
1887 2961 1981 3032 quae
2006 2939 2048 3010 in

260 3061 453 3158 superficie
479 3060 698 3133 eminentiae
724 3058 1011 3155 conspiciuntur,
1033 3081 1078 3128 eo
1105 3071 1246 3130 tantum
1272 3057 1367 3129 effici
1391 3058 1581 3151 ridentur,
1617 3056 1719 3154 quod
1745 3083 1812 3154 per
1834 3073 1975 3155 partem
2001 3061 2047 3132 il-
2114 3083 2121 3092 ·

259 3185 329 3257 lius
354 3185 589 3257 membranae
614 3205 723 3277 supra
748 3179 951 3276 descriptae
978 3179 1140 3252 mediam
1174 3203 1216 3252 ac
1249 3178 1468 3276 pellucidam
1503 3180 1584 3284 illae
1609 3193 1751 3274 partes,
1786 3205 1877 3277 quas
1904 3183 2048 3278 sanguis

261 3305 374 3380 corde
399 3304 594 3402 propulsus
618 3304 813 3396 interfluat,
837 3303 1122 3398 conspiciuntur.
1147 3341 1195 3359 -
1230 3302 1308 3374 Hoc
1331 3315 1449 3372 totum
1476 3325 1640 3399 organon
1663 3302 1701 3374 in
1727 3303 1943 3376 iuvenilibus
1968 3306 2049 3378 aui-
2105 3331 2108 3339 ’

261 3430 417 3502 malibus
444 3427 598 3500 omnino
623 3423 822 3498 desiderari
849 3438 885 3496 et
909 3439 988 3498 tum
1014 3423 1184 3524 demum,
1205 3447 1330 3520 quum
1357 3425 1429 3496 iarn
1456 3447 1585 3496 omnes
1609 3423 1683 3498 lere
1715 3437 1858 3498 ceterae
1883 3430 2050 3524 corporis

260 3567 382 3651 partes
407 3551 669 3650 perlectionem
694 3549 848 3646 adeptae
872 3549 957 3642 siut,
982 3549 1146 3640 existere,
1169 3543 1264 3619 inlra
1287 3543 1503 3618 videbimus.

292 3771 295 3778 ,
360 3695 528 3769 Ceterum
554 3719 631 3768 non
656 3696 723 3768 soli
747 3693 884 3791 Apodis
907 3695 1031 3792 generi
1053 3694 1145 3766 haee
1173 3717 1257 3791 pars
1281 3693 1449 3791 propria,
1484 3691 1549 3764 sed
1575 3693 1825 3788 compluribus
1850 3691 2049 3768 Crustaceis

263 3821 469 3894 eommunis
496 3840 573 3890 esse
596 3814 750 3890 ridetur.
778 3858 826 3874 -
857 3817 1010 3892 Maxime
1035 3816 1155 3914 Apodi
1182 3813 1303 3889 affinia
1328 3830 1412 3887 sunt
1433 3839 1566 3913 genera
1592 3815 1852 3916 Brancbiopus
1884 3831 1921 3890 et
1945 3817 2050 3891 Lim-

263 3943 391 4036 nodia,
413 3955 451 4015 et
475 3943 520 4026 in,
540 3940 599 4012 his
620 3939 771 4036 quidem
799 3963 932 4036 organa
959 3941 1148 4011 observata
1171 3952 1267 4031 sunt,
1291 3962 1398 4034 quae,
1424 3961 1650 4034 quamquam
1672 3919 1909 4012 lorma'inter
1933 3965 1970 4012 se
1990 3939 2049 4012 di-

263 4075 457 4161 screpant,
490 4062 541 4135 illi
575 4061 615 4132 in
636 4059 766 4156 Apode
791 4058 974 4156 descripto
1007 4057 1231 4155 respondere
1259 4057 1441 4131 ridentur.
1500 4058 1540 4128 ln
1564 4055 1851 4161 Branchiopdde
1883 4061 2051 4161 stagnali

263 4185 412 4287 (Apode
439 4187 657 4285 piscisormz'
679 4181 887 4270 Sohaell.)
923 4182 1013 4254 duas
1038 4181 1257 4254 eminentias
1293 4182 1417 4254 colore
1449 4181 1552 4278 nigro
1587 4179 1778 4279 descripsit
1814 4197 1850 4256 et
1884 4183 2050 4280 depinxit
2179 4259 2192 4280 ι

262 4307 578 4401 Schaeller*),
604 4306 669 4403 qui
701 4307 826 4376 oculos
850 4306 1033 4403 simplices
1064 4328 1123 4377 eas
1149 4327 1225 4376 esse
1249 4306 1399 4400 putarit.
1457 4307 1553 4380 Sitae
1578 4318 1698 4377 autem
1724 4319 1808 4378 sum
1832 4307 1902 4378 hae
1927 4320 2047 4404 partes

263 4431 337 4503 hoe
362 4431 401 4502 in
426 4427 573 4501 animali
600 4439 640 4498 ut
663 4426 700 4496 in
724 4423 854 4520 Apode
877 4427 915 4497 in
937 4425 1071 4498 dorsali
1093 4415 1195 4522 parte
1221 4449 1290 4496 neo
1315 4425 1442 4522 procul
1463 4439 1548 4523 post
1571 4427 1696 4498 oculos
1721 4429 1964 4525 compositos,
1989 4430 2047 4502 his

263 4569 384 4627 autem
409 4554 518 4626 rebus
539 4552 584 4623 ab
612 4550 680 4620 illis
706 4549 843 4644 Apodis
867 4550 1031 4645 partibus
1055 4547 1238 4642 differunt,
1266 4562 1303 4619 et
1327 4546 1430 4646 quod
1456 4547 1619 4646 duplices
1643 4562 1748 4643 sunt,
1774 4564 1811 4621 et
1834 4551 1937 4648 quod
1961 4554 2047 4626 uni-

264 4679 404 4750 colores
430 4699 506 4748 esse
527 4675 670 4770 illisque
697 4672 846 4744 maculis
867 4671 986 4744 rubris
1010 4695 1133 4746 carere
1163 4669 1341 4746 ridentur.
1368 4713 1419 4734 ·-
1444 4671 1485 4744 ln
1509 4669 1708 4746 Limnndia
1731 4669 1898 4774 Giganta
1920 4677 2047 4773 organi

270 4899 596 4910 -ψ--ι--ι-ῄ

195 5057 201 5067 ·
325 5034 360 5108 *J
381 5031 464 5111 Apus
482 5029 673 5113 piseilormis
693 5032 801 5096 insecti
823 5033 953 5115 aquatici
974 5034 1102 5116 species,
1124 5034 1311 5116 Nuemberg.
1332 5033 1422 5098 1752.
1446 5033 1487 5084 2..
1509 5033 1573 5096 Der
1593 5031 1801 5119 lischlomige
1823 5034 1994 5102 Kislenlirss
2016 5040 2046 5102 ln

392 5139 560 5232 sehenden
581 5139 728 5206 Wassern
747 5159 797 5206 um
811 5141 1023 5228 Regensburg.
1041 5143 1196 5230 negent.
1221 5141 1313 5208 1754.
1334 5141 1399 5225 Fig.
1414 5139 1474 5204 vlt.
1496 5140 1570 5206 vua
1584 5159 1612 5206 a.
1664 5235 1675 5262 s

1677 5259 1697 5325 7
