4786 6002
1044 655 1296 738 ..53-

374 862 405 937 §.
432 856 492 928 39.
552 852 685 926 Partes
714 851 898 950 genitales
929 849 1063 926 viriles·
1098 885 1145 928 -τ-
1179 851 1234 924 De
1265 849 1404 951 Apodis
1433 853 1655 950 ‘genitalibus
1687 855 1894 930 masculinis
1929 855 2061 931 diversi

275 979 470 1074 scriptores
494 995 716 1070 magnopere
742 971 838 1047 inter
860 996 899 1044 se
933 970 1160 1046 dissentiunt.
1213 973 1347 1048 Omnia
1379 975 1548 1048 animalia
1579 975 1700 1051 adhuc
1716 993 1874 1077 ‚reperta
1905 980 2061 1056 leminea

276 1112 399 1193 erant,
434 1112 471 1172 et
496 1098 554 1170 vix
580 1095 729 1194 intelligi
758 1109 899 1192 potest,
932 1095 1125 1192 quomodo
1152 1097 1320 1191 masculi,
1354 1100 1518 1195 quamvis
1549 1101 1798 1200 magnitudine
1829 1120 1865 1179 et
1898 1109 2064 1204 eorporis

276 1222 392 1294 iorma
419 1219 532 1294 valde·
547 1220 594 1293 ab
621 1219 689 1290 illis
714 1219 939 1315 discrepent,
965 1220 1216 1292 observatores
1247 1221 1454 1318 effugerint.¹
1497 1223 1587 1296 Nam
1612 1223 1783 1297 Schael
1788 1225 1804 1296 l
1807 1251 1851 1299 er
1878 1253 1944 1324 per
1969 1251 2062 1326 qua-

274 1355 361 1416 tuor
384 1365 500 1414 annos
524 1341 616 1414 haec
640 1341 811 1414 animalia
837 1342 1057 1435 observavit,
1083 1356 1119 1417 et
1143 1365 1209 1438 ego
1233 1343 1311 1439 ipse
1334 1365 1355 1415 a
1380 1367 1463 1416 vere
1489 1343 1536 1418 ad
1561 1359 1777 1418 autumnum
1803 1372 1918 1446 usque
1944 1365 2062 1423 extre-

178 1491 186 1508 ’
275 1487 379 1536 mum
405 1487 482 1566 non
507 1465 626 1536 solum
650 1464 762 1536 multa
788 1485 915 1536 eorum
942 1465 1043 1560 cepi,
1072 1463 1137 1537 sed
1161 1465 1274 1538 multa
1301 1465 1409 1538 etiem
1436 1491 1478 1538 ex
1507 1468 1583 1540 ovis
1610 1465 1782 1562 educari,
1815 1495 1910 1569 quae
1937 1474 2064 1546 omnia

274 1587 433 1660 leminea
457 1600 569 1660 erant
620 1585 859 1662 Schaeiisr
880 1585 988 1684 igiurr
1008 1586 1330 1685 hermaphroditos
1354 1586 1501 1686 Apodes
1526 1613 1602 1662 esse
1626 1591 1778 1686 putavit,
1800 1606 1921 1688 partes
1943 1607 2063 1668 autem

274 1709 448 1806 genitales
480 1709 598 1781 viriles
626 1733 702 1780 non
738 1709 887 1780 invenit.
950 1708 1174 1784 berthold
1210 1733 1362 1808 quoque
1392 1711 1719 1808 hermaphroditos
1759 1737 1823 1788 eos
1859 1737 1955 1808 esse,
1998 1720 2062 1814 qui

276 1834 345 1930 ipsi
369 1834 439 1905 sibi
464 1833 729 1926 satisfacerent,
759 1833 920 1906 sacculos
951 1846 1072 1906 autem
1100 1835 1199 1927 illos,
1234 1835 1298 1931 qui
1334 1832 1518 1908 interdum
1551 1836 1591 1908 in
1624 1835 1780 1932 pedibus
1818 1837 2064 1933 inveniuntur,

276 1967 397 2050 partes
421 1956 594 2051 genitales
619 1979 695 2028 esse
721 1968 758 2027 et
781 1979 906 2028 semen
932 1955 976 2027 iis
999 1969 1178 2028 secretum
1204 1977 1270 2052 per
1294 1956 1369 2027 vias
1392 1953 1558 2028 nondum
1586 1957 1747 2052 cognitas
1772 1957 1906 2030 orariis
1931 1959 2064 2032 adduci

159 2121 162 2126 -
279 2077 504 2150 existimarit.
558 2077 678 2168 Quam
706 2079 920 2175 opinionem
948 2079 1021 2152 iam
1046 2103 1154 2176 supra
1180 2077 1350 2152 refutasse
1376 2091 1412 2150 et
1437 2079 1513 2150 illas
1540 2090 1658 2173 partes
1683 2079 1877 2152 branchias
1902 2103 1979 2152 esse
2000 2079 2067 2153 de-

279 2213 480 2272 montrasse
504 2225 563 2272 me
590 2216 679 2296 puto
694 2204 736 2286 *).
760 2200 1044 2298 -Quamquam
1070 2201 1162 2274 mihi
1188 2224 1340 2298 quoque
1367 2203 1518 2274 minime
1543 2204 1706 2300 contigit,
1729 2217 1770 2274 ut
1791 2204 1886 2276 hanc
1911 2203 2067 2299 delipo-

277 2321 334 2394 dis
354 2345 489 2419 genere
519 2323 770 2419 quaestionem
798 2347 946 2420 prorsus
970 2322 1200 2421 expedirem,
1225 2337 1349 2395 tamur
1375 2349 1465 2422 quas
1491 2325 1760 2397 observationes
1786 2325 2099 2420 leoi,rele1am.·

278 2443 455 2518 Genitalia
475 2448 678 2532 masculina
705 2461 851 2522 externa
876 2471 937 2518 me
963 2447 1137 2542 reperisse
1158 2451 1260 2542 puto.
1298 2446 1420 2516 Ultimi
1447 2445 1612 2540 eorporis
1636 2445 1760 2516 annuli
1788 2447 1826 2517 iu
1852 2459 1954 2542 parte
1976 2446 2065 2518 dor-

162 2543 165 2552 ’
278 2569 340 2639 sali
370 2593 437 2638 nec
463 2569 589 2664 procui
614 2593 634 2640 a
658 2569 753 2640 linea
776 2566 947 2664 mediaup
968 2570 1166 2640 eminentia
1198 2567 1378 2663 quaedam
1405 2591 1513 2663 parva
1541 2568 1716 2664 utrinque
1739 2569 1939 2663 reperitur,
1963 2591 2065 2664 quae

277 2692 393 2763 tribus
420 2693 474 2762 vel
497 2705 656 2788 quatuor
680 2692 832 2788 spinulis
855 2705 967 2762 testae
992 2688 1214 2764 circumdata
1240 2704 1302 2760 est
1326 2689 1430 2759 Testa
1454 2701 1574 2760 autem
1599 2686 1771 2784 detracta,
1796 2690 1870 2760 hoc
1893 2690 1976 2761 loco
1994 2689 2061 2760 sub

280 2815 375 2910 plica
398 2816 676 2888 membranacea
701 2837 834 2912 corpus
858 2839 1008 2911 parvum
1035 2837 1078 2886 ao
1097 2828 1192 2888 teres
1218 2810 1389 2903 (Tatii.
1414 2811 1490 2907 Fig
1502 2809 1594 2884 XV.
1612 2812 1650 2884 P.
1693 2810 1781 2884 tub.
1798 2809 1867 2886 Ill.
1894 2811 2007 2910 tagl.
2025 2811 2064 2882 Ρ.

286 2935 373 3010 Tab.
401 2935 429 3011 Ι.
456 2937 538 3034 Fig.
553 2935 661 3024 XV.)
688 2937 768 3033 plus
794 2940 957 3010 minusve
984 2938 1145 3032 eminet,
1169 2937 1271 3009 cuius
1296 2937 1335 3006 in
1359 2933 1462 3030 apice
1489 2932 1619 3004 lassula
1644 2933 1806 3031 margine
1833 2934 1982 3005 elatiore
1997 2935 2068 3005 oir-

279 3058 448 3133 cumdata
471 3060 707 3156 conspicitur.
759 3061 837 3132 lloo
862 3082 994 3156 eorpus
1020 3060 1184 3132 animalis
1208 3083 1341 3156 penem
1366 3069 1560 3130 retractum
1584 3078 1680 3148 esse,
1706 3055 1831 3152 quiin
1857 3055 1957 3126 coitu
1978 3079 2067 3151 pro·

276 3183 416 3253 moveri
442 3183 577 3278 possit,
611 3196 713 3278 puto.
765 3164 1029 3276 Sebaeller,
1064 3183 1229 3278 quamvis
1264 3179 1392 3254 omnes
1417 3180 1504 3252 alias
1529 3179 1694 3274 eorporis
1717 3189 1837 3274 partes
1859 3175 2067 3248 admirabili

276 3303 463 3401 diligentia
488 3303 699 3401 descripsit,
732 3318 854 3375 mmen
887 3306 925 3375 in
956 3303 1094 3402 Apode
1122 3303 1367 3400 concrifhrmi
1396 3305 1462 3374 has
1490 3315 1616 3398 partes
1653 3300 1836 3396 neglexit,
1860 3297 1901 3370 iu
1925 3297 2065 3397 Apode

272 3426 458 3524 producto
484 3437 619 3519 autem,
645 3427 684 3498 in
710 3449 786 3522 quo
810 3426 882 3497 hac
908 3440 1026 3521 partes
1052 3426 1208 3498 maiores
1233 3431 1309 3498 ess'e
1332 3424 1515 3518 videntur,
1542 3447 1601 3496 eas
1627 3421 1792 3517 depinxit
1816 3422 1850 3506 (l.
1863 3445 1895 3494 c.
1910 3420 1997 3492 Tab.
2007 3421 2060 3490 Vl.

274 3549 431 3646 Fingll.
446 3549 505 3636 a).
557 3546 613 3618 Ad
634 3548 701 3620 has
725 3563 857 3644 partes,
883 3559 1055 3639 utsupra
1080 3547 1248 3641 diximus,
1273 3573 1394 3621 ramus
1419 3549 1513 3620 illius
1539 3548 1639 3620 narsi
1665 3541 1853 3635 (Toulll.
1877 3544 1991 3646 Figl.
2007 3549 2062 3628 x.)

203 3700 209 3712 ·
273 3697 311 3745 se
337 3673 497 3765 confert,
529 3673 594 3768 qui
620 3695 640 3742 e
665 3672 813 3769 gangliis
839 3669 1133 3744 abdomioalibus
1159 3685 1259 3742 ortus
1291 3669 1338 3742 ad
1371 3685 1571 3742 extremum
1603 3668 1768 3764 corporis
1793 3668 1969 3739 annulum
1995 3667 2062 3738 de-

273 3796 395 3867 currit.
425 3831 468 3848 -··
499 3793 677 3868 Genitalia
702 3793 899 3866 masculina
925 3793 1066 3864 interna
1092 3793 1274 3866 difficilius
1299 3797 1568 3892 investigantur.
1619 3791 1656 3862 Si
1683 3788 1868 3862 abdomen
1896 3791 2061 3863 animalis

272 3941 293 3988 a
321 3917 433 3989 dorso
459 3917 640 4012 aperitur,
674 3916 713 3987 in
747 3915 950 4011 posteriore
980 3916 1056 3986 eius
1082 3929 1183 4011 parte
1209 3917 1321 3988 multa
1345 3914 1528 3986 filamenta
1554 3933 1695 3984 ramosa
1722 3925 1757 3982 et
1781 3913 1877 3983 varie
1904 3913 1998 3983 inter
2022 3934 2060 3982 se

272 4040 480 4130 coniuncta,
505 4062 664 4138 quorum
691 4038 867 4110 nonnulla
893 4061 935 4108 ex
959 4050 1114 4134 utraque
1139 4053 1243 4133 parte
1275 4037 1432 4109 intestini
1459 4033 1505 4106 ad
1531 4033 1693 4106 medium
1726 4059 1841 4130 usque
1874 4030 2060 4103 abdomen

271 4160 490 4252 ascendunt,
522 4160 763 4255 reperiuntur.
805 4162 902 4246 (Pars
927 4161 1048 4257 aliqua
1075 4183 1202 4230 eorum
1229 4159 1408 4232 delineata
1433 4171 1486 4230 est
1517 4155 1636 4231 Tati.
1665 4156 1746 4255 Fig.
1761 4154 1874 4227 XVI.
1889 4153 1965 4238 Aa.
2017 4152 2058 4223 lu

272 4284 407 4356 annulo
434 4282 600 4379 eorporis
624 4281 829 4376 penultimo
857 4281 931 4376 lere
955 4280 1050 4353 haec
1075 4279 1259 4366 filamcnta
1285 4281 1477 4352 amborum
1503 4280 1678 4370 laterum,
1710 4278 1749 4346 in
1780 4275 1905 4369 plagae
1935 4273 2056 4344 cuius·

271 4405 355 4478 dam
382 4404 535 4478 modum
562 4405 657 4476 inter
682 4427 720 4476 ee
746 4405 961 4498 coniuncta,
994 4404 1205 4475 intestinum
1231 4427 1250 4475 a
1276 4415 1378 4500 parte
1402 4402 1588 4499 superiore
1615 4401 1800 4494 obtegunt.
1852 4397 1892 4464 ln
1926 4394 2055 4502 ultimo

270 4541 390 4602 autem
417 4527 582 4624 eorporis
616 4527 751 4599 annulo
791 4527 955 4624 quamvis
995 4523 1176 4598 difficilius
1207 4527 1370 4624 perquiri
1404 4540 1439 4597 et
1470 4550 1490 4598 a
1521 4523 1683 4622 partibus
1714 4518 1963 4590 adiacentibus
1997 4540 2056 4586 se-

266 4651 387 4748 parari
413 4663 585 4746 possunt,
607 4663 729 4722 tamen
757 4650 932 4724 nonnulla
957 4672 1085 4720 eornm
1112 4647 1159 4720 ad
1184 4672 1296 4745 penes
1321 4647 1515 4722 ascendere
1542 4645 1632 4716 mihi
1659 4640 1884 4712 videbantur.
1935 4637 2054 4709 Semel

375 4889 559 4910 ..ιι-Ἰ*

329 5034 364 5110 *J
386 5031 416 5094 ln
438 5030 519 5096 laide
540 5029 630 5096 1834.
659 5051 686 5113 p.
706 5031 777 5098 680.
799 5039 994 5096 memoratum
1018 5040 1083 5110 est,
1115 5048 1214 5096 mares
1234 5007 1354 5111 Apodis'
1376 5029 1525 5111 reperisse
1549 5024 1585 5087 ol.
1599 5023 1819 5099 cellarum,
1840 5020 1897 5084 sed
1919 5020 2051 5100 diligen·
2083 5127 2087 5134 μ

261 5221 264 5232 ¹
393 5139 451 5203 tior
473 5157 578 5206 eorum
603 5139 775 5222 descriptio,
798 5137 878 5222 quod
900 5141 982 5220 scio,
1005 5139 1138 5204 nondum
1162 5145 1268 5203 exstat.
