4786 6002
372 2320 679 2443 Crusuoeorum
705 2365 859 2440 historia
886 2365 1078 2460 naturalis,
1115 2366 1280 2463 quamvis
1316 2363 1391 2438 hoc
1421 2379 1590 2462 tempore
1613 2363 1775 2437 virorum
1802 2363 2070 2461 praeclarorum

272 2512 393 2586 studio
421 2529 467 2587 ot
491 2516 639 2614 ingenio
666 2529 770 2587 aucta
796 2517 863 2607 sit,
904 2513 997 2586 adeo
1028 2529 1153 2586 tamen
1188 2513 1309 2586 adhuc
1340 2515 1461 2588 multis
1492 2515 1657 2612 partibus
1690 2513 1852 2610 neglecta
1878 2513 1995 2603 iacet,
2031 2521 2072 2580 ut

257 2659 472 2760 ‚vulgarium
499 2663 607 2732 etiam
633 2662 742 2733 huius
769 2645 907 2733 ordinis
934 2660 1144 2733 animalium
1169 2660 1283 2732 multa
1310 2663 1401 2748 sint,
1440 2685 1597 2759 (prorum
1621 2675 1753 2734 aalma
1782 2661 1913 2732 atrita
1936 2657 2074 2728 demti-

274 2804 441 2900 ptionem
466 2808 728 2880 accuratiorem
755 2807 975 2880 desiderent.
1029 2806 1099 2881 Sed
1124 2807 1163 2878 in
1190 2832 1319 2904 magna
1345 2810 1403 2880 iila
1433 2823 1469 2880 ct
1491 2809 1632 2882 infinita
1659 2809 1762 2905 quasi
1789 2808 1960 2877 varietate
1983 2827 2074 2874 con·

278 2955 499 3048 structionis,
525 2979 634 3051 quam
661 2971 782 3053 partes
804 2957 968 3028 internae
995 2968 1032 3026 ct
1058 2968 1228 3026 externae
1253 2955 1386 3027 horarm
1415 2957 1624 3028 animalium
1646 2956 1842 3052 paaebeot
1868 2953 2073 3024 coniunctis

278 3103 654 3198 quamplurimorum
681 3103 802 3210 studio
829 3117 940 3200 atque
961 3103 1278 3174 obseruationibus
1303 3128 1396 3200 opus
1423 3127 1499 3174 esse
1524 3101 1679 3196 ridetur,
1701 3103 1912 3198 priusquam
1931 3097 2075 3171 ratione

276 3258 426 3316 naturae
453 3262 676 3344 congruente
694 3247 861 3320 distribui
882 3250 1034 3340 possint.
1061 3250 1154 3320 Huic
1170 3250 1222 3320 rei
1241 3251 1381 3344 optime
1403 3275 1502 3320 meas
1529 3274 1679 3346 quoque
1701 3249 1794 3318 uires
1819 3271 1879 3318 me
1905 3241 2077 3316 dedicare

236 3393 242 3400 ’
278 3369 494 3464 mbitraisar.
543 3395 693 3490 Eligenti
717 3396 826 3492 igitur
855 3395 947 3466 mihi
976 3393 1239 3468 dissertationis
1274 3397 1495 3492 iaaupuralis
1520 3397 1708 3466 materiam
1737 3395 1812 3466 hoc
1835 3394 1993 3464 marinae
2019 3413 2078 3462 au·

157 3619 159 3628 ,
278 3539 367 3629 risit,
392 3552 434 3609 ut
456 3523 633 3633 animalis,
660 3542 897 3636 plurimarum
923 3543 1075 3640 quidem
1103 3545 1241 3643 patriae
1269 3558 1414 3616 nostrae
1443 3544 1633 3641 regionum
1659 3542 1873 3640 indigenae,
1894 3566 1964 3614 nec
1989 3565 2076 3613 vero

278 3689 362 3758 satis
388 3688 536 3786 cogniti,
566 3686 713 3786 Apodis
739 3687 823 3760 dico
851 3692 1125 3784 concriformis,
1153 3703 1349 3762 anatomen
1379 3704 1415 3763 et
1439 3691 1629 3764 historiam
1655 3691 1872 3762 evolationis
1894 3688 2078 3786 exponere

274 3855 443 3901 conarer.
493 3833 566 3905 Nec
592 3833 670 3904 sine
694 3834 829 3905 timore
852 3835 918 3905 has
944 3838 1178 3932 quaestiones
1203 3859 1384 3935 aggressus
1411 3861 1503 3931 sum,
1527 3861 1640 3934 quum
1669 3801 1874 3932 complures
1896 3845 2077 3930 spectatae

280 3972 502 4043 auctoritatis
529 3991 771 4074 expertaeque
794 3968 988 4050 doctrinae
1012 3981 1099 4073 viri,
1126 3984 1189 4077 qui
1218 3981 1316 4054 idem
1346 3985 1418 4055 hoc
1445 3984 1579 4054 animal
1607 3983 1843 4054 observarunt
1871 4005 1913 4052 ac
1939 3979 2077 4051 descri-

279 4131 443 4212 pserunt,
469 4119 600 4190 multas
626 4147 682 4192 res
708 4123 838 4196 dubias
864 4139 900 4196 et
925 4125 1080 4196 incertas
1107 4127 1333 4222 reliquerint
1387 4129 1462 4199 lam
1490 4129 1587 4199 enim
1612 4142 1696 4199 ante
1728 4128 1797 4198 hos
1823 4082 1894 4195 sere
1926 4135 2077 4197 centum

280 4287 396 4335 annos
422 4267 727 4363 monographiam
751 4271 859 4343 huius
884 4273 1050 4345 animalis
1082 4272 1200 4345 edidit
1230 4273 1408 4347 &narrem
1426 4278 1480 4367 *),
1519 4299 1587 4346 nec
1619 4262 1735 4346 scium
1762 4283 1881 4370 partes
1910 4283 2075 4340 externas

279 4408 552 4506 diligentissime
581 4388 773 4510 descripsit
809 4431 918 4514 atque
950 4417 1136 4516 depinxit,
1176 4422 1239 4493 sed
1269 4425 1397 4494 multas
1427 4423 1535 4494 etiam
1566 4422 1710 4494 devita
1744 4434 1779 4490 et
1809 4417 2075 4488 consuetudine

280 4557 445 4629 animalis
472 4558 742 4631 observationes
768 4562 863 4632 fecit.
896 4565 986 4636 Tum
1011 4570 1213 4639 recentiore
1240 4583 1407 4666 tempore
1435 4573 1478 4643 cl.
1507 4569 1676 4652 ussaw)
1703 4566 1896 4637 nonnuilas
1922 4563 1969 4634 de
1987 4587 2076 4633 aua·

281 4695 381 4772 tome
406 4701 559 4807 Apodis
581 4703 760 4801 producti
786 4707 1057 4782 obseruationes
1084 4711 1225 4805 edidit,
1258 4712 1431 4811 Apodcm
1461 4727 1580 4786 autem
1610 4707 1893 4807 cancriformem
1928 4730 2078 4779 accura-

267 4971 269 4978 '
345 4954 380 5030 ἰ)
401 4951 464 5014 Der
485 4951 677 5034 krebsartige
698 4947 871 5018 Kiesensuss
892 4957 946 5019 mit
969 4956 1023 5019 dor
1043 4958 1166 5046 kurzen,
1180 4962 1240 5025 und
1263 4963 1374 5045 langon
1396 4909 1658 5041 Schwarizklappe.
1682 4959 1880 5042 chonsburg
1901 4953 1991 5018 1750.

324 5095 380 5170 st)
403 5091 544 5173 Beitrage
566 5109 620 5154 zur
640 5093 802 5187 anatomia
827 5094 881 5158 der
903 5097 1052 5163 insecten.
1077 5135 1113 5151 —
1147 5101 1365 5164 Wiedemanas
1384 5097 1601 5181 Zoologisches
1624 5098 1770 5180 ilagazitt.
1794 5096 1868 5158 Kiel.
1894 5090 1983 5158 1817.
2010 5090 2042 5154 B.
2057 5089 2077 5153 Ι.

406 5199 446 5264 St.
472 5199 493 5262 1.
523 5219 552 5280 p.
584 5200 637 5265 87.
