4786 6002
1097 641 1363 724 *m*-

331 843 468 914 riosum
497 843 786 935 nominavimus,
815 841 993 913 maiorem
1021 839 1418 938 etiamperiectionem
1443 829 1595 933 adipisci
1617 832 1782 928 ridetur,
1816 857 1889 930 qua
1922 839 1961 908 re
1983 857 2004 907 a
2029 834 2135 907 seri·-

332 965 501 1060 ptorihus
524 991 590 1036 cor
614 965 826 1038 arteriosum
858 963 937 1034 iure
971 965 1160 1037 nominata
1191 976 1257 1035 est.
1316 963 1405 1036 Nam
1441 961 1479 1032 in
1509 958 1689 1059 Daphnin
1718 958 1982 1062 quadrangula
2006 958 2123 1034 corde

333 1109 471 1158 rcnoso
498 1084 653 1158 dimidio
680 1085 798 1156 maior
823 1097 896 1178 cst,
936 1097 973 1156 et
997 1084 1071 1158 duo
1098 1083 1211 1158 corda
1235 1085 1332 1157 inter
1355 1105 1394 1154 se
1420 1105 1497 1156 non
1524 1082 1702 1154 ior-amine
1726 1080 2122 1178 sedeanali'1qnodam

332 1207 498 1304 longiore
520 1206 714 1279 coniuncta
739 1218 835 1278 suot.
886 1203 1054 1278 Ceterum
1081 1206 1265 1304 sanguinis
1289 1205 1478 1300 circuitus,
1509 1218 1686 1301 quantum
1712 1218 1786 1276 tam
1812 1203 1962 1276 dirersis
1984 1227 2121 1300 corpo-

331 1353 412 1400 rum
438 1329 475 1400 in
501 1328 628 1400 formis
652 1329 732 1399 srcri
758 1341 899 1425 potest,
940 1328 1015 1401 iere
1039 1328 1138 1401 idern
1165 1342 1219 1402 est
1250 1329 1291 1401 in
1314 1327 1445 1426 d'pode
1470 1340 1507 1400 et
1529 1328 1567 1399 in
1596 1328 1776 1425 Daphnis.
1828 1325 2117 1431 E'eoffle‘enim
2208 1323 2216 1336 '

331 1451 506 1522 arterioso
533 1449 608 1522 dno
634 1452 817 1548 sanguinis
842 1452 909 1523 rivi
933 1453 1127 1546 oriuntur,
1152 1477 1311 1550 quorum
1334 1453 1424 1524 aiter
1447 1451 1494 1524 ad
1519 1464 1629 1548 eaput
1653 1473 1861 1548 progressus
1884 1459 1968 1545 post
1993 1447 2119 1520 oculos

333 1571 524 1646 deseendit
550 1586 586 1644 et
611 1572 659 1676 ad
683 1574 837 1659 valvulas
870 1597 909 1644 se
934 1575 1125 1647 convertit.
1184 1577 1259 1650 Hae
1284 1570 1448 1648 salsulae
1474 1588 1576 1647 scuto
1603 1573 1744 1670 Apodis
1769 1570 1994 1670 respondent
2019 1585 2056 1642 et
2079 1583 2120 1642 ut

332 1693 407 1764 hoc
433 1693 683 1790 respirationis
710 1717 843 1792 organa
869 1707 954 1766 snnt
978 1696 1213 1770 branchialia.
1264 1689 1394 1770 Libere
1419 1699 1519 1770 enim
1545 1711 1582 1770 et
1602 1699 1682 1770 sine
1704 1698 1855 1770 vasculis
1875 1673 2119 1793 peculiaribus

332 1840 400 1912 per
425 1839 485 1888 eas
510 1817 716 1911 complures
737 1817 922 1912 sanguinis
946 1817 1051 1888 rivuli
1084 1833 1259 1914 manant,
1295 1823 1359 1918 qui
1384 1823 1423 1893 in
1447 1833 1549 1917 parte
1574 1819 1707 1893 dorsali
1734 1809 1849 1892 unum
1877 1818 1915 1890 io
1940 1816 2118 1890 maiorem

303 1941 460 2039 rivum,
486 1941 550 2036 qui
576 1941 683 2012 simul
705 1939 856 2038 Apodis,
882 1965 973 2038 quas
993 1941 1161 2038 diximus,
1185 1969 1294 2017 renas
1319 1945 1559 2039 branchiales,
1585 1957 1622 2015 et
1645 1945 1809 2018 canalem
1835 1944 2014 2040 imparem
2040 1966 2120 2014 me-

332 2063 481 2138 dianum
509 2065 642 2158 refert,
675 2065 861 2138 coniuncti
896 2064 943 2138 ad
969 2089 1145 2140 venosum
1178 2091 1244 2154 cor
1265 2067 1434 2140 'redeunt
1499 2067 1598 2140 Alter
1630 2067 1728 2140 rirtrs
1759 2065 1918 2138 ecorde
1943 2066 2119 2138 arterioeo

331 2201 430 2260 ortus
454 2211 521 2285 per
546 2200 688 2285 partem
714 2187 924 2262 abdominis
948 2191 1146 2284 rentiaiem
1172 2190 1219 2264 ad
1240 2192 1504 2263 extremitatem
1529 2211 1648 2288 usque
1672 2189 1780 2260 simili
1807 2187 1923 2261 modo
1946 2200 2056 2285 atque
2079 2189 2119 2260 in

330 2306 459 2402 Apode
485 2307 646 2382 decurrit
680 2324 717 2382 et
744 2335 812 2408 per
838 2325 979 2408 partem
1006 2311 1188 2384 dorsalem
1214 2312 1319 2386 redit.
1379 2313 1430 2387 Ex
1454 2313 1588 2392 eodem
1613 2335 1766 2410 qnoque
1791 2312 1869 2384 rivo
1895 2309 2055 2408 singulos
2079 2311 2119 2384 in

328 2429 441 2526 pedes
465 2429 717 2504 abdominaies
742 2432 816 2504 sire
841 2433 1069 2506 branchiales
1093 2435 1199 2508 riruii
1224 2437 1387 2508 minores
1413 2436 1645 2530 emittuntur3
1670 2458 1766 2531 quae
1790 2433 1972 2530 sanguinis
1996 2431 2119 2506 distri·

326 2553 431 2628 butid
458 2576 502 2625 eo
524 2556 570 2626 ab
597 2552 736 2652 Apodis
761 2567 940 2628 structura
965 2555 1106 2653 differt,
1138 2558 1242 2656 quod
1266 2558 1304 2631 in
1331 2560 1405 2631 hoc
1429 2559 1533 2658 quasi
1556 2558 1731 2654 proprius
1757 2555 1909 2654 qnidam
1934 2555 2119 2653 sanguinis

272 2748 274 2754 ,
327 2701 395 2772 per
420 2673 532 2773 pedes
558 2679 729 2749 circuitus
752 2680 942 2774 reperitur.
987 2679 1114 2777 ltaque
1139 2682 1177 2752 in
1204 2682 1382 2778 Daphniis
1408 2705 1560 2780 quoque
1585 2695 1742 2778 systema
1767 2671 1983 2752 arteriosum
2010 2703 2030 2758 a
2056 2701 2119 2750 re·

328 2823 420 2872 noso
445 2825 522 2872 non
551 2801 658 2897 piane
683 2800 904 2874 disiunctum
932 2815 985 2876 est
1009 2817 1047 2875 ct
1079 2827 1161 2900 pars
1186 2804 1299 2877 modo
1331 2806 1515 2904 sanguinis
1546 2805 1677 2902 quovis
1709 2805 1748 2876 in
1773 2801 1927 2874 circuitu
1952 2801 2116 2898 respirat.

327 2921 518 2993 Praeterea
544 2947 658 3018 quum
686 2947 728 2994 ea
752 2922 865 2995 modo
891 2947 987 3018 vasa,
1013 2949 1107 3022 quae
1134 2951 1154 2996 e
1181 2927 1292 3000 corde
1319 2929 1493 3000 arterioeo
1520 2893 1755 3020 {mittuntum
1778 2915 1977 3022 parietibus
2004 2947 2117 3020 pecu·

324 3044 474 3116 liar-ibus
498 3045 671 3116 instructa
697 3068 774 3118 esse
799 3044 1001 3143 rideantur,
1023 3049 1108 3120 satis
1127 3050 1322 3122 verisimile
1348 3065 1414 3145 est,
1435 3051 1622 3148 Daphnine
1645 3061 1687 3122 ut
1709 3047 1878 3146 Apodem
1903 3048 2118 3120 membrana

325 3167 362 3240 iu
390 3167 591 3240 abdomine
615 3168 684 3240 sub
709 3166 822 3240 corde
848 3182 994 3244 extensa
1020 3173 1210 3246 instructas
1235 3197 1331 3270 esse,
1371 3199 1445 3273 qna
1470 3175 1537 3248 riri
1563 3173 1602 3246 in
1628 3169 1829 3248 abdomine
1854 3167 2117 3244 descendentes

326 3303 362 3360 el
384 3288 622 3362 ascendentes
649 3270 805 3362 interire
830 3289 1093 3391 disiungantura
1499 3268 1508 3282 '

425 3413 523 3482 Alius
549 3413 658 3490 etiam
685 3411 880 3506 Crustacei‚
901 3413 1048 3515 Argrdr'
1070 3416 1157 3492 dico
1174 3420 1347 3515 solincci,
1374 3419 1554 3492 hocloco
1580 3419 1720 3492 mentio
1748 3415 1911 3490 iacienda
1936 3429 2010 3509 est,
2035 3417 2114 3514 qui,

329 3549 371 3606 ut
396 3534 518 3606 multis
544 3534 622 3604 aliis
647 3535 778 3628 rebus,
804 3535 857 3607 sic
878 3540 1062 3635 sanguinis
1087 3542 1241 3615 circuitu
1259 3543 1404 3640 alpodis
1429 3543 1623 3614 maximam
1649 3540 1803 3637 praebet
1824 3537 2113 3612 similitudinem.

330 3657 401 3728 Cor
427 3655 579 3753 quidem
604 3656 713 3730 huius
738 3659 924 3753 animalis,
956 3675 997 3732 ut
1021 3661 1113 3736 dicit
1137 3663 1289 3742 lurioe
1312 3667 1368 3759 Ἴ,
1407 3666 1445 3738 in
1480 3649 1583 3761 parte
1618 3663 1768 3736 ventrali
1800 3661 2116 3759 cephalothoracis
2209 3627 2218 3654 ⁵

325 3801 442 3876 prope
474 3791 558 3874 post
589 3791 744 3851 rostrum
770 3783 880 3854 situm
912 3797 985 3878 est,
1016 3785 1083 3859 sed
1115 3787 1207 3860 haec
1240 3790 1444 3870 obseruatio
1480 3787 1593 3860 dubia
1625 3809 1702 3858 esse
1732 3785 1899 3880 ridetur,
1936 3775 2114 3882 quoniam

326 3901 497 3974 omnibus
522 3902 560 3972 in
583 3900 770 3975 Annulatis
795 3929 861 3977 cor
882 3906 921 3978 in
946 3922 1050 4004 parte
1077 3913 1244 4008 corporis
1269 3911 1402 3985 dorsali
1430 3912 1619 4009 reperitur.
1678 3908 1870 4006 Sanguinis
1895 3919 2016 3981 autem
2043 3908 2114 3979 cir·-

324 4019 459 4096 cuitum
487 4047 554 4118 per
575 4025 781 4120 complures
806 4031 971 4126 corporis
997 4048 1116 4128 partes
1142 4048 1383 4132 persequutus
1414 4049 1468 4107 est
1500 4035 1667 4111 iuriae
1719 4031 1869 4106 Scuturn
1900 4029 2112 4128 bipartitum

323 4145 443 4243 brguli
476 4160 517 4220 ut
535 4145 679 4243 ¹ripodis
704 4163 845 4224 scutum
878 4155 1053 4230 branchia
1087 4171 1204 4230 estet
1234 4159 1419 4232 canalibus
1450 4157 1629 4229 similibus
1657 4155 1870 4230 instructum
1905 4177 1983 4226 esse
2008 4151 2118 4238 ride-¹

322 4280 382 4342 tur
393 4269 454 4358 ”l
505 4269 657 4370 Sanguis
678 4286 803 4344 autern
827 4276 865 4346 in
893 4301 937 4348 eo
965 4301 1043 4350 non
1068 4281 1388 4354 multos-minores
1412 4281 1547 4352 rivulos
1570 4277 1787 4376 componit,
1810 4275 1876 4348 sed
1899 4299 1993 4349 unus
2017 4275 2114 4347 rivus

323 4392 517 4465 continuus
541 4393 730 4492 utriusque
757 4399 868 4490 partis
894 4397 1047 4472 lateralis
1072 4405 1272 4500 marginem
1297 4401 1542 4501 praeterfluit,
1578 4415 1619 4473 ut
1644 4402 1716 4472 hae
1748 4397 1948 4472 branchiae
1973 4395 2113 4496 Apodis

325 4511 496 4612 elhrguli
521 4516 649 4592 eadem
676 4543 715 4591 re
740 4516 886 4593 differre
912 4521 1114 4620 rideantur,
1140 4550 1214 4626 qua
1239 4523 1482 4626 duaedpodis
1506 4525 1704 4602 branchiae
1730 4525 1769 4600 in
1794 4521 1952 4624 pedibus
1969 4523 2112 4622 poeitae

318 4692 581 4722 ...Δ-...ιω-

383 4819 422 4902 *)
445 4819 580 4888 marles
602 4823 641 4888 dn
662 4823 795 4896 iliadum
817 4831 973 4899 rl'b'utoire
993 4835 1148 4907 natorclle.
1171 4815 1239 4904 llll.¹
1255 4859 1284 4923 p.
1298 4839 1371 4907 437.

359 4931 420 5012 ”J
439 4931 515 4998 ibid.
543 4933 740 5016 psiathii
768 4945 913 5026 scriptor:
945 4943 1024 5028 „On
1054 4945 1161 5032 yenit
1187 4969 1228 5015 un
1251 4953 1320 5014 trsit
1339 4947 1481 5016 voratus
1507 4949 1559 5032 qni
1581 4947 1636 5010 leil
1654 4943 1685 5009 le
1705 4947 1835 5008 eontour
1854 4941 1893 5006 rle
1917 4955 1971 5006 ces
1994 4938 2070 5002 ailcs
2093 4939 2111 5002 t
2214 4959 2219 4970 ·

445 5041 573 5124 prelprs
594 5043 791 5114 damascia
820 5049 887 5119 leur
906 5055 983 5120 bord
1006 5062 1038 5122 et
1059 5073 1127 5128 aa·
1139 5058 1250 5126 derant
1271 5057 1380 5146 duqnel
1399 5059 1420 5126 il
1438 5077 1460 5146 y
1480 5075 1522 5126 oo
1545 5073 1626 5126 aua
1647 5059 1734 5127 stira
1754 5049 1914 5136 beaucoup
1934 5049 2001 5134 piar
2024 5049 2110 5133 petit,

444 5146 518 5216 duat
534 5151 668 5245 j'ignore
689 5155 814 5246 l'usagc.
1626 5144 1633 5163 '
