4786 6002
1108 661 1377 736 -ur-
1492 697 1497 708 -

339 855 661 933 instruetnslest.···
676 853 893 927 metram*
910 852 1059 946 seilicet,
1082 855 1179 950 qnae
1198 851 1404 926 branchiae
1426 847 1598 926 inediam'
1614 867 1763 952 partem·
1783 848 2133 950 mceplialothoraee

339 984 377 1054 in
404 981 653 1078 dissepimenti
680 979 831 1052 modurn
860 976 1052 1073 disiungit,
1082 991 1167 1048 ante
1203 978 1366 1049 canalem
1383 977 1581 1074 ·impareut
1613 979 1797 1053 tubulnm·
1815 975 2002 1074 quendam
2033 977 2137 1076 lFigt·

339 1108 370 1182 Ι.
390 1105 444 1191 Ρ.)
473 1109 791 1180 membranaceum
820 1103 967 1173 brevem
995 1125 1222 1196 componere
1247 1101 1410 1195 ridetur,
1443 1103 1516 1198 qni·
1534 1101 1918 1199 in=caphalotltoraeis
1942 1101 2131 1172 cavitatem

339 1223 608 1312 descenditet
629 1230 667 1299 in
693 1229 850 1298 liberum
874 1226 1006 1297 ostium
1033 1226 1126 1317 exit,
1163 1225 1213 1295 ita
1246 1225 1561 1321 urbae-quoque
1598 1225 1654 1296 tin
1680 1217 1919 1321 sanguinis-e
1944 1223 2134 1294 branchiis

340 1353 525 1424 redeuntis
550 1375 633 1449 pars
666 1373 732 1446 per
767 1351 929 1420 canalem
964 1350 1142 1484 imparem
1170 1361 1207 1418 et
1243 1347 1563 1422 tenementum·
1582 1343 1903 1425 membranaceum
1935 1345 2131 1418 derivetur.

341 1475 542 1567 Quomodo
570 1490 690 1546 autem
717 1475 779 1545 hic
804 1473 945 1570 sanguis
967 1472 1080 1544 corde
1105 1472 1349 1568 concipiatur,
1376 1473 1468 1546 inira
1492 1472 1813 1546 demonstrabitur.

440 1606 470 1680 i.
501 1605 558 1671 ta.
610 1597 822 1671 Branolricre
847 1601 1008 1669 minores
1030 1593 1189 1692 podibus
1213 1593 1370 1696 tiſjioeoo.
1404 1633 1452 1652 -·
1484 1597 1631 1668 Praeter
1656 1597 1756 1668 iilam'
1780 1597 1995 1668 branchiam
2019 1599 2132 1670 snud-

340 1725 523 1816 formem,
558 1721 816 1793 branchiarum
843 1719 936 1792 duae
964 1720 1054 1792 aliae
1079 1719 1218 1790 formae
1245 1717 1490 1789 inveniuntur.
1542 1719 1616 1789 liae
1640 1719 1839 1790 branchiae
1864 1731 1949 1790 sttnt
1974 1719 2049 1790 dne
2076 1719 2134 1790 lo-

341 1848 427 1917 liola
453 1846 731 1916 membranacea
756 1867 798 1914 ae
821 1844 1047 1934 tenerrima,
1082 1865 1176 1938 quae
1210 1839 1569 1937 superioritnargini
1596 1833 1736 1911 articuli
1762 1839 1912 1928 secundi
1939 1839 2044 1936 pedis
2069 1865 2132 1913 cu·

341 1971 472 2066 iusque
498 1967 601 2040 affixa
626 1981 719 2038 sunt.
773 1967 936 2036 Exterior
962 1966 1057 2064 (Fig.
1075 1963 1254 2046 thtAt
1281 1965 1419 2057 maior,
1457 1978 1511 2035 est
1537 1962 1718 2062 pellucido
1751 1977 1789 2035 et
1813 1965 2057 2034 sccurilormis
2078 1967 2135 2037 tel

340 2090 415 2162 lere
442 2091 687 2187 triangularis,
724 2085 885 2185 margine
912 2102 1061 2158 externo
1086 2086 1230 2179 eiliato,
1264 2085 1355 2156 ciliis
1380 2083 1541 2180 pinnatis
1567 2097 1604 2154 et
1628 2085 1749 2180 specie
1774 2085 1963 2178 tubulatis,
1993 2087 2133 2156 tubulis

342 2240 364 2286 a
391 2215 553 2311 margine
580 2211 627 2284 ad
653 2211 816 2283 medium
841 2236 958 2307 usque
989 2211 1103 2283 iolioli
1134 2212 1247 2308 ipsius
1272 2209 1460 2305 porrectis.
1512 2209 1667 2280 luterior
1698 2209 1795 2309 ittig.
1814 2207 1922 2284 XIII.
1945 2209 2003 2298 B.)
2035 2225 2133 2282 exte-

342 2339 442 2410 riore
468 2337 603 2430 minor,
629 2336 744 2408 forma
770 2348 887 2428 orata,
913 2349 949 2404 et
973 2334 1055 2430 pilis
1081 2335 1154 2406 sire
1181 2332 1271 2404 ciliis
1297 2332 1450 2405 omuino
1477 2329 1659 2402 destituta.
1706 2331 1899 2428 Utriusque
1924 2333 2134 2429 superficies

344 2460 478 2533 eodem
505 2458 634 2553 modo,
659 2481 735 2556 quo
750 2459 840 2532 scuti
859 2472 1009 2530 stratum
1036 2457 1214 2548 medium,
1237 2455 1413 2528 maculata
1437 2479 1478 2526 ac
1503 2469 1674 2550 punctata
1700 2469 1766 2548 est,
1787 2454 1826 2528 'et
1845 2469 2023 2530 structura
2039 2457 2134 2533 duae

341 2577 2134 2675 mmmmmemmmmhnmmabmummrmmmqmdqmmhm

260 2725 267 2733 ·
341 2721 499 2804 utraque
522 2720 626 2803 parte
653 2729 778 2777 earum
805 2729 922 2802 aeque
956 2719 1081 2776 tenera
1107 2727 1150 2774 ac
1174 2701 1356 2800 pellucida
1387 2714 1459 2782 est,
1491 2714 1642 2772 stratum
1675 2715 1796 2774 autem
1830 2703 1992 2776 medium
2018 2724 2135 2778 massa

342 2828 601 2899 branchiarum
631 2827 807 2924 peculiari
842 2827 1009 2898 ellectum
1041 2826 1099 2896 his
1125 2825 1163 2898 in
1189 2823 1375 2900 branchiis
1401 2826 1641 2897 tenerrimum
1670 2849 1738 2898 nee
1762 2827 1949 2898 canalibus
1973 2831 2133 2927 propriis

340 2953 556 3022 instructum
582 2965 645 3022 est.

442 3075 617 3144 Foliolum
644 3076 799 3144 exterius
825 3072 1039 3145 branchiam
1063 3095 1152 3163 esse,
1179 3093 1287 3142 nemo
1312 3068 1686 3166 unquam'dubitnvit,
1713 3072 1863 3145 interius
1884 3087 2018 3167 autem,
2045 3073 2132 3172 quia

341 3196 526 3268 interdum
559 3198 627 3268 alia
662 3195 821 3294 quadam
856 3196 973 3268 forma
1008 3193 1197 3289 induitur,
1237 3193 1367 3266 diversi
1401 3193 1595 3290 scriptores
1633 3193 1874 3268 diversissime
1907 3197 2133 3293 interpretati

342 3335 436 3392 sunt.
489 3321 641 3418 Sanguis
668 3321 766 3392 enim
794 3317 977 3390 interdum
1004 3319 1062 3390 his
1092 3317 1322 3414 inpartibus
1355 3319 1555 3410 retinetur,
1588 3319 1741 3392 laminas
1776 3317 1866 3392 does
1897 3319 2137 3418 epidermidis

342 3445 498 3540 seiungit
525 3457 561 3516 et
586 3444 659 3514 hoo
685 3443 799 3513 modo
826 3442 991 3517 foliolum
1026 3441 1248 3538 pellucidum
1284 3441 1322 3511 in
1349 3443 1530 3514 sacculum
1560 3441 1746 3538 quendam
1759 3443 1789 3530 *l
1821 3444 1966 3540 liquore
1993 3445 2138 3541 sangui·-

344 3591 415 3638 ueo
442 3565 622 3661 repletum
646 3577 858 3638 commutat.
909 3563 1091 3660 Equidem
1124 3564 1220 3636 hane
1257 3564 1588 3635 conformationem
1621 3566 1755 3638 morbo
1784 3565 1945 3664 quodam
1973 3566 2138 3638 animalis

347 3703 381 3759 et
409 3687 585 3784 impedita
611 3688 852 3784 respiratione
878 3685 973 3760 ellici
1000 3686 1125 3782 credo,
1149 3709 1352 3782 numquam
1381 3685 1479 3756 enim
1505 3686 1574 3757 hos
1599 3689 1761 3758 sacculos
1787 3687 1905 3783 reperi
1932 3690 1970 3761 in
1993 3690 2038 3762 iis
2057 3691 2139 3762 ani-

345 3815 512 3904 malibus,
542 3835 700 3909 quorum
728 3835 894 3908 magnam
921 3809 1192 3883 multitudinem
1221 3831 1264 3880 ex
1284 3808 1360 3880 oris
1390 3809 1468 3904 ipse
1494 3807 1676 3902 educavi,
1707 3811 1850 3906 saepius
1876 3825 1996 3884 autem
2025 3793 2137 3886 iidem

345 3935 576 4030 reperiuntur
602 3934 717 4030 captis
750 3935 786 4004 in
816 3934 1052 4027 animalibus,
1085 3933 1281 4030 praecipue
1316 3933 1346 4004 si
1382 3945 1443 4003 aut
1468 3933 1599 4005 maiori
1633 3935 1719 4006 solis
1744 3932 1867 4005 ardori
1893 3950 2137 4032 exponuntur,

347 4083 458 4153 quem
485 4055 645 4152 perferre
671 4081 747 4128 non
774 4071 938 4152 possunt,
965 4071 1026 4128 aut
1051 4057 1081 4128 si
1104 4057 1147 4128 iis
1175 4083 1249 4128 non
1276 4057 1395 4153 pluvia
1422 4081 1518 4152 aqua
1547 4053 1665 4150 datur,
1690 4081 1774 4128 nam
1800 4058 1837 4128 in
1857 4057 1927 4130 hac
1950 4060 2025 4132 sola
2049 4085 2139 4156 pns-

343 4194 427 4252 snnt
449 4180 580 4251 vivere.
626 4150 716 4249 'Cttr
741 4192 860 4250 autem
886 4181 945 4252 bis
971 4181 1008 4251 in
1033 4179 1268 4252 interioribus
1295 4179 1480 4250 branchiis
1515 4177 1652 4250 facilius
1687 4203 1797 4275 qoam
1830 4182 1868 4252 in
1899 4184 2139 4257 exterioribus

344 4309 440 4386 (nam
465 4300 649 4372 interdum
676 4301 746 4372 hae
773 4325 925 4399 quoque
951 4303 1063 4400 magis
1089 4317 1173 4374 sunt
1196 4302 1371 4398 sanguine
1398 4302 1571 4397 repletae)
1599 4305 1741 4398 sanguis
1767 4305 1963 4377 retineatur
1989 4321 2026 4379 et
2051 4331 2138 4380 eoa-

343 4428 509 4522 guletur,
541 4425 581 4498 id
608 4449 650 4496 ex
675 4427 856 4522 sanguinis
883 4427 948 4497 has
974 4451 1040 4522 per
1064 4438 1184 4522 partes
1214 4427 1366 4499 circuitu
1394 4425 1621 4523 intelligetur.
1645 4459 1691 4482 ·-
1721 4427 1945 4500 Schaeler
1966 4429 2058 4501 haee
2081 4431 2139 4502 lo-

345 4551 430 4620 liola
456 4549 529 4619 sire
554 4548 624 4620 hos
650 4551 811 4622 sacculos
834 4573 908 4622 una
939 4573 1022 4622 cnm
1043 4551 1233 4638 canalibus
1258 4551 1348 4622 scuti
1377 4575 1436 4622 cas
1460 4573 1536 4622 esse
1560 4566 1690 4647 partes,
1718 4575 1814 4648 quae
1838 4575 1985 4625 succum
2009 4550 2056 4624 ad
2080 4577 2139 4624 re·

344 4685 488 4744 centem
517 4672 681 4767 eorporis
707 4685 836 4744 testam
864 4667 1092 4746 efficiendam
1127 4686 1334 4768 secernant,
1362 4675 1519 4770 putarit,
1557 4696 1653 4770 qnae
1688 4676 1815 4770 opinio
1848 4675 2030 4748 reiiciatur
2064 4677 2137 4750 iarn

344 4821 421 4870 non
449 4817 541 4892 opus
564 4819 640 4865 esse
665 4794 818 4868 videtur.
854 4831 899 4850 -
928 4796 976 4867 lll.
1006 4793 1223 4869 berthold
1255 4795 1326 4868 lios
1358 4796 1519 4870 sacculos
1552 4809 1673 4894 partes
1703 4796 1875 4893 genitales
1908 4797 2028 4870 viriles
2061 4824 2139 4873 esse

356 5027 419 5038 -ιι-
428 5029 478 5036 -..---
515 5026 647 5036 ----

402 5175 440 5248 *J
462 5173 498 5236 l.
518 5171 720 5238 tonanter
742 5173 760 5234 l.
786 5191 811 5238 c.
833 5173 904 5236 'lalt
919 5173 938 5235 l.
963 5173 1024 5258 l'ig.
1039 5173 1072 5238 l'.
1096 5175 1166 5240 lob.
1182 5177 1228 5240 lll.
1253 5177 1314 5262 ug.
1330 5175 1351 5239 l.
1367 5176 1400 5240 ll.
1423 5177 1442 5238 l.
1454 5165 1572 5238 ΙΙΙ-Υ.
1593 5173 1624 5236 h.
1644 5208 1648 5218 ι
1686 5219 1690 5228 .
1724 5199 1727 5215 =
1758 5200 1761 5226 ι
