<?xml version="1.0" encoding="UTF-8"?>
<!DOCTYPE html PUBLIC "-//W3C//DTD XHTML 1.0 Transitional//EN"
    "http://www.w3.org/TR/xhtml1/DTD/xhtml1-transitional.dtd">
<html xmlns="http://www.w3.org/1999/xhtml" xml:lang="en" lang="en">
 <head>
  <title>
</title>
<meta http-equiv="Content-Type" content="text/html;charset=utf-8" />
  <meta name='ocr-system' content='tesseract 3.04.00' />
  <meta name='ocr-capabilities' content='ocr_page ocr_carea ocr_par ocr_line ocrx_word'/>
</head>
<body>
  <div class='ocr_page' id='page_1' title='image "./deapodiscancrif00zaddgoog_0016.png"; bbox 0 0 4786 6002; ppageno 0'>
   <div class='ocr_carea' id='block_1_1' title="bbox 1114 699 1376 748">
    <p class='ocr_par' dir='ltr' id='par_1_1' title="bbox 1114 699 1376 748">
     <span class='ocr_line' id='line_1_1' title="bbox 1114 699 1376 748; baseline 0 0"><span class='ocrx_word' id='word_1_1' title='bbox 1114 711 1159 729; x_wconf 83' lang='lat'><strong>··</strong></span> <span class='ocrx_word' id='word_1_2' title='bbox 1210 699 1276 748; x_wconf 70' lang='lat' dir='ltr'><strong>Vlll</strong></span> <span class='ocrx_word' id='word_1_3' title='bbox 1330 713 1376 730; x_wconf 82' lang='grc'><strong>··</strong></span> 
     </span>
    </p>
   </div>
   <div class='ocr_carea' id='block_1_2' title="bbox 266 869 2197 2589">
    <p class='ocr_par' dir='ltr' id='par_1_2' title="bbox 266 869 2197 2589">
     <span class='ocr_line' id='line_1_2' title="bbox 351 869 2142 968; baseline 0.002 -29"><span class='ocrx_word' id='word_1_4' title='bbox 351 869 437 940; x_wconf 90' lang='lat' dir='ltr'><strong>tiori</strong></span> <span class='ocrx_word' id='word_1_5' title='bbox 463 871 669 966; x_wconf 89' lang='lat' dir='ltr'><strong>quaestioni</strong></span> <span class='ocrx_word' id='word_1_6' title='bbox 694 871 920 942; x_wconf 86' lang='lat' dir='ltr'><strong>anatomicae</strong></span> <span class='ocrx_word' id='word_1_7' title='bbox 945 870 1100 942; x_wconf 88' lang='lat' dir='ltr'><strong>subiecit</strong></span> <span class='ocrx_word' id='word_1_8' title='bbox 1126 873 1170 944; x_wconf 92' lang='lat' dir='ltr'><strong>cl.</strong></span> <span class='ocrx_word' id='word_1_9' title='bbox 1196 872 1366 946; x_wconf 78' lang='lat' dir='ltr'><strong>ernoio</strong></span> <span class='ocrx_word' id='word_1_10' title='bbox 1386 875 1429 952; x_wconf 75' lang='lat' dir='ltr'><strong>*t</strong></span> <span class='ocrx_word' id='word_1_11' title='bbox 1482 873 1586 965; x_wconf 87' lang='lat' dir='ltr'><strong>Quae</strong></span> <span class='ocrx_word' id='word_1_12' title='bbox 1621 875 1668 944; x_wconf 91' lang='lat' dir='ltr'><strong>ab</strong></span> <span class='ocrx_word' id='word_1_13' title='bbox 1704 873 1761 944; x_wconf 88' lang='lat' dir='ltr'><strong>his</strong></span> <span class='ocrx_word' id='word_1_14' title='bbox 1788 873 1872 943; x_wconf 84' lang='lat' dir='ltr'><strong>viris</strong></span> <span class='ocrx_word' id='word_1_15' title='bbox 1898 885 2040 968; x_wconf 86' lang='lat' dir='ltr'><strong>reperta</strong></span> <span class='ocrx_word' id='word_1_16' title='bbox 2066 897 2142 943; x_wconf 94' lang='lat' dir='ltr'><strong>non</strong></span> 
     </span>
     <span class='ocr_line' id='line_1_3' title="bbox 353 1015 2144 1120; baseline 0.002 -37"><span class='ocrx_word' id='word_1_17' title='bbox 353 1017 437 1108; x_wconf 82' lang='lat' dir='ltr'><strong>siut,</strong></span> <span class='ocrx_word' id='word_1_18' title='bbox 461 1041 548 1088; x_wconf 91' lang='lat' dir='ltr'><strong>num</strong></span> <span class='ocrx_word' id='word_1_19' title='bbox 574 1041 640 1114; x_wconf 86' lang='lat' dir='ltr'><strong>ego</strong></span> <span class='ocrx_word' id='word_1_20' title='bbox 670 1017 980 1113; x_wconf 81' lang='lat' dir='ltr'><strong>investigaverim‚</strong></span> <span class='ocrx_word' id='word_1_21' title='bbox 1011 1017 1166 1092; x_wconf 90' lang='lat' dir='ltr'><strong>dubium</strong></span> <span class='ocrx_word' id='word_1_22' title='bbox 1193 1019 1345 1120; x_wconf 86' lang='lat' dir='ltr'><strong>quidem</strong></span> <span class='ocrx_word' id='word_1_23' title='bbox 1369 1019 1553 1113; x_wconf 83' lang='lat' dir='ltr'><strong>videatur,</strong></span> <span class='ocrx_word' id='word_1_24' title='bbox 1588 1018 1724 1090; x_wconf 78' lang='lat' dir='ltr'>iteratis</span> <span class='ocrx_word' id='word_1_25' title='bbox 1758 1031 1882 1090; x_wconf 92' lang='lat' dir='ltr'><strong>tamen</strong></span> <span class='ocrx_word' id='word_1_26' title='bbox 1916 1015 2144 1113; x_wconf 87' lang='lat' dir='ltr'><strong>disquisitio-</strong></span> 
     </span>
     <span class='ocr_line' id='line_1_4' title="bbox 354 1163 2197 1266; baseline -0.002 -30"><span class='ocrx_word' id='word_1_27' title='bbox 354 1165 460 1236; x_wconf 86' lang='lat' dir='ltr'>nibus</span> <span class='ocrx_word' id='word_1_28' title='bbox 487 1165 572 1234; x_wconf 86' lang='lat' dir='ltr'><strong>alias</strong></span> <span class='ocrx_word' id='word_1_29' title='bbox 598 1187 653 1234; x_wconf 87' lang='lat' dir='ltr'><strong>res</strong></span> <span class='ocrx_word' id='word_1_30' title='bbox 678 1164 724 1238; x_wconf 87' lang='lat' dir='ltr'><strong>ab</strong></span> <span class='ocrx_word' id='word_1_31' title='bbox 752 1164 820 1237; x_wconf 84' lang='lat' dir='ltr'><strong>illis</strong></span> <span class='ocrx_word' id='word_1_32' title='bbox 844 1165 1083 1262; x_wconf 77' lang='lat' dir='ltr'><strong>scriptoribus</strong></span> <span class='ocrx_word' id='word_1_33' title='bbox 1112 1168 1238 1240; x_wconf 82' lang='lat' dir='ltr'><strong>leviter</strong></span> <span class='ocrx_word' id='word_1_34' title='bbox 1271 1165 1385 1240; x_wconf 88' lang='lat' dir='ltr'><strong>modo</strong></span> <span class='ocrx_word' id='word_1_35' title='bbox 1418 1164 1651 1238; x_wconf 91' lang='lat' dir='ltr'><strong>adumbratas</strong></span> <span class='ocrx_word' id='word_1_36' title='bbox 1686 1166 1892 1266; x_wconf 82' lang='lat' dir='ltr'><strong>diligentius</strong></span> <span class='ocrx_word' id='word_1_37' title='bbox 1928 1163 2144 1258; x_wconf 76' lang='lat' dir='ltr'>explorasse,</span> <span class='ocrx_word' id='word_1_38' title='bbox 2191 1255 2197 1264; x_wconf 23' lang='grc' dir='ltr'>ι</span> 
     </span>
     <span class='ocr_line' id='line_1_5' title="bbox 354 1310 2142 1410; baseline -0.001 -28"><span class='ocrx_word' id='word_1_39' title='bbox 354 1315 439 1384; x_wconf 88' lang='lat' dir='ltr'><strong>alias</strong></span> <span class='ocrx_word' id='word_1_40' title='bbox 466 1336 576 1384; x_wconf 83' lang='lat' dir='ltr'><strong>novas</strong></span> <span class='ocrx_word' id='word_1_41' title='bbox 599 1337 751 1410; x_wconf 90' lang='lat' dir='ltr'><strong>quoque</strong></span> <span class='ocrx_word' id='word_1_42' title='bbox 777 1313 955 1386; x_wconf 82' lang='lat' dir='ltr'><strong>invenisse</strong></span> <span class='ocrx_word' id='word_1_43' title='bbox 983 1337 1043 1388; x_wconf 86' lang='lat' dir='ltr'><strong>me</strong></span> <span class='ocrx_word' id='word_1_44' title='bbox 1067 1327 1171 1409; x_wconf 92' lang='lat' dir='ltr'><strong>puto.</strong></span> <span class='ocrx_word' id='word_1_45' title='bbox 1208 1310 1282 1385; x_wconf 86' lang='lat' dir='ltr'><strong>Sed</strong></span> <span class='ocrx_word' id='word_1_46' title='bbox 1304 1311 1362 1386; x_wconf 91' lang='lat' dir='ltr'><strong>his</strong></span> <span class='ocrx_word' id='word_1_47' title='bbox 1387 1336 1540 1409; x_wconf 91' lang='lat' dir='ltr'><strong>quoque</strong></span> <span class='ocrx_word' id='word_1_48' title='bbox 1565 1310 1613 1383; x_wconf 86' lang='lat' dir='ltr'><strong>de</strong></span> <span class='ocrx_word' id='word_1_49' title='bbox 1639 1313 1754 1384; x_wconf 88' lang='lat' dir='ltr'><strong>causis</strong></span> <span class='ocrx_word' id='word_1_50' title='bbox 1778 1311 1887 1382; x_wconf 88' lang='lat' dir='ltr'><strong>huius</strong></span> <span class='ocrx_word' id='word_1_51' title='bbox 1912 1311 2142 1407; x_wconf 80' lang='lat' dir='ltr'><strong>potissimum</strong></span> 
     </span>
     <span class='ocr_line' id='line_1_6' title="bbox 353 1455 2142 1558; baseline 0 -30"><span class='ocrx_word' id='word_1_52' title='bbox 353 1459 518 1536; x_wconf 86' lang='lat' dir='ltr'><strong>animalis</strong></span> <span class='ocrx_word' id='word_1_53' title='bbox 543 1457 827 1558; x_wconf 79' lang='lat' dir='ltr'><strong>descriptionem</strong></span> <span class='ocrx_word' id='word_1_54' title='bbox 859 1461 1070 1555; x_wconf 77' lang='lat' dir='ltr'>placituram</span> <span class='ocrx_word' id='word_1_55' title='bbox 1095 1477 1223 1557; x_wconf 85' lang='lat' dir='ltr'><strong>spero,</strong></span> <span class='ocrx_word' id='word_1_56' title='bbox 1258 1461 1345 1558; x_wconf 90' lang='lat' dir='ltr'><strong>quia</strong></span> <span class='ocrx_word' id='word_1_57' title='bbox 1371 1471 1408 1530; x_wconf 88' lang='lat' dir='ltr'><strong>et</strong></span> <span class='ocrx_word' id='word_1_58' title='bbox 1432 1458 1510 1532; x_wconf 90' lang='lat' dir='ltr'><strong>aliis</strong></span> <span class='ocrx_word' id='word_1_59' title='bbox 1536 1456 1583 1528; x_wconf 90' lang='lat' dir='ltr'><strong>de</strong></span> <span class='ocrx_word' id='word_1_60' title='bbox 1609 1455 1829 1551; x_wconf 83' lang='lat' dir='ltr'><strong>Cmstaeeis‚</strong></span> <span class='ocrx_word' id='word_1_61' title='bbox 1862 1483 1956 1556; x_wconf 86' lang='lat' dir='ltr'><strong>quae</strong></span> <span class='ocrx_word' id='word_1_62' title='bbox 1986 1458 2142 1530; x_wconf 77' lang='lat' dir='ltr'><strong>familiae</strong></span> 
     </span>
     <span class='ocr_line' id='line_1_7' title="bbox 351 1597 2140 1706; baseline -0.002 -28"><span class='ocrx_word' id='word_1_63' title='bbox 351 1621 436 1680; x_wconf 90' lang='lat' dir='ltr'><strong>sunt</strong></span> <span class='ocrx_word' id='word_1_64' title='bbox 461 1609 756 1706; x_wconf 77' lang='lat' dir='ltr'><strong>Phyllopcdum‚</strong></span> <span class='ocrx_word' id='word_1_65' title='bbox 781 1597 1027 1682; x_wconf 79' lang='lat' dir='ltr'><strong>accuratiores</strong></span> <span class='ocrx_word' id='word_1_66' title='bbox 1054 1609 1287 1706; x_wconf 77' lang='lat' dir='ltr'><strong>quaestiones</strong></span> <span class='ocrx_word' id='word_1_67' title='bbox 1320 1604 1571 1698; x_wconf 87' lang='lat' dir='ltr'><strong>anatomicae,</strong></span> <span class='ocrx_word' id='word_1_68' title='bbox 1602 1602 1706 1700; x_wconf 92' lang='lat' dir='ltr'><strong>quod</strong></span> <span class='ocrx_word' id='word_1_69' title='bbox 1737 1628 1803 1701; x_wconf 85' lang='lat' dir='ltr'><strong>ego</strong></span> <span class='ocrx_word' id='word_1_70' title='bbox 1837 1605 1935 1694; x_wconf 85' lang='lat' dir='ltr'><strong>scio,</strong></span> <span class='ocrx_word' id='word_1_71' title='bbox 1972 1602 2140 1674; x_wconf 90' lang='lat' dir='ltr'><strong>nondum</strong></span> 
     </span>
     <span class='ocr_line' id='line_1_8' title="bbox 352 1750 2140 1848; baseline -0.001 -25"><span class='ocrx_word' id='word_1_72' title='bbox 352 1767 511 1846; x_wconf 83' lang='lat' dir='ltr'><strong>exstant,</strong></span> <span class='ocrx_word' id='word_1_73' title='bbox 547 1767 582 1829; x_wconf 89' lang='lat' dir='ltr'><strong>et</strong></span> <span class='ocrx_word' id='word_1_74' title='bbox 608 1756 897 1830; x_wconf 71' lang='lat' dir='ltr'><strong>constructiones</strong></span> <span class='ocrx_word' id='word_1_75' title='bbox 929 1768 1054 1828; x_wconf 89' lang='lat' dir='ltr'><strong>nostro</strong></span> <span class='ocrx_word' id='word_1_76' title='bbox 1089 1756 1125 1825; x_wconf 90' lang='lat' dir='ltr'><strong>in</strong></span> <span class='ocrx_word' id='word_1_77' title='bbox 1152 1755 1298 1827; x_wconf 90' lang='lat' dir='ltr'><strong>animali</strong></span> <span class='ocrx_word' id='word_1_78' title='bbox 1325 1754 1489 1828; x_wconf 86' lang='lat' dir='ltr'><strong>detectae</strong></span> <span class='ocrx_word' id='word_1_79' title='bbox 1514 1754 1665 1828; x_wconf 81' lang='lat' dir='ltr'><strong>forsitan</strong></span> <span class='ocrx_word' id='word_1_80' title='bbox 1690 1779 1766 1828; x_wconf 94' lang='lat' dir='ltr'><strong>non</strong></span> <span class='ocrx_word' id='word_1_81' title='bbox 1791 1753 1909 1823; x_wconf 88' lang='lat' dir='ltr'><strong>solum</strong></span> <span class='ocrx_word' id='word_1_82' title='bbox 1937 1750 1985 1822; x_wconf 93' lang='lat' dir='ltr'><strong>ad</strong></span> <span class='ocrx_word' id='word_1_83' title='bbox 2008 1775 2140 1848; x_wconf 84' lang='lat' dir='ltr'><strong>genera</strong></span> 
     </span>
     <span class='ocr_line' id='line_1_9' title="bbox 352 1898 2140 1996; baseline -0.001 -23"><span class='ocrx_word' id='word_1_84' title='bbox 352 1899 471 1996; x_wconf 81' lang='lat' dir='ltr'><strong>spodi</strong></span> <span class='ocrx_word' id='word_1_85' title='bbox 497 1903 651 1974; x_wconf 77' lang='lat' dir='ltr'><strong>maxime</strong></span> <span class='ocrx_word' id='word_1_86' title='bbox 677 1899 819 1994; x_wconf 83' lang='lat' dir='ltr'><strong>affinia,</strong></span> <span class='ocrx_word' id='word_1_87' title='bbox 844 1899 910 1972; x_wconf 91' lang='lat' dir='ltr'><strong>sed</strong></span> <span class='ocrx_word' id='word_1_88' title='bbox 935 1898 982 1973; x_wconf 92' lang='lat' dir='ltr'><strong>ad</strong></span> <span class='ocrx_word' id='word_1_89' title='bbox 1010 1902 1186 1974; x_wconf 87' lang='lat' dir='ltr'><strong>maiorem</strong></span> <span class='ocrx_word' id='word_1_90' title='bbox 1212 1902 1322 1973; x_wconf 89' lang='lat' dir='ltr'><strong>etiam</strong></span> <span class='ocrx_word' id='word_1_91' title='bbox 1345 1903 1624 1976; x_wconf 86' lang='lat' dir='ltr'><strong>Crustaceorum</strong></span> <span class='ocrx_word' id='word_1_92' title='bbox 1650 1900 1864 1972; x_wconf 80' lang='lat' dir='ltr'><strong>inferiorum</strong></span> <span class='ocrx_word' id='word_1_93' title='bbox 1891 1913 2030 1996; x_wconf 88' lang='lat' dir='ltr'><strong>partem</strong></span> <span class='ocrx_word' id='word_1_94' title='bbox 2056 1925 2140 1996; x_wconf 88' lang='lat' dir='ltr'><strong>per-</strong></span> 
     </span>
     <span class='ocr_line' id='line_1_10' title="bbox 351 2047 2141 2145; baseline 0.002 -28"><span class='ocrx_word' id='word_1_95' title='bbox 351 2048 501 2119; x_wconf 88' lang='lat' dir='ltr'><strong>tineant.</strong></span> <span class='ocrx_word' id='word_1_96' title='bbox 549 2047 705 2124; x_wconf 82' lang='lat' dir='ltr'><strong>Tantum</strong></span> <span class='ocrx_word' id='word_1_97' title='bbox 731 2061 853 2124; x_wconf 86' lang='lat' dir='ltr'><strong>autem</strong></span> <span class='ocrx_word' id='word_1_98' title='bbox 878 2049 1002 2142; x_wconf 86' lang='lat' dir='ltr'><strong>abest,</strong></span> <span class='ocrx_word' id='word_1_99' title='bbox 1039 2047 1162 2121; x_wconf 86' lang='lat' dir='ltr'><strong>uthis</strong></span> <span class='ocrx_word' id='word_1_100' title='bbox 1187 2050 1465 2145; x_wconf 83' lang='lat' dir='ltr'><strong>quaestionibus</strong></span> <span class='ocrx_word' id='word_1_101' title='bbox 1499 2051 1625 2124; x_wconf 89' lang='lat' dir='ltr'><strong>omnia</strong></span> <span class='ocrx_word' id='word_1_102' title='bbox 1659 2075 1720 2122; x_wconf 84' lang='lat' dir='ltr'><strong>me</strong></span> <span class='ocrx_word' id='word_1_103' title='bbox 1752 2049 1956 2120; x_wconf 84' lang='lat' dir='ltr'><strong>exhausisse</strong></span> <span class='ocrx_word' id='word_1_104' title='bbox 1981 2047 2141 2142; x_wconf 86' lang='lat' dir='ltr'><strong>credam,</strong></span> 
     </span>
     <span class='ocr_line' id='line_1_11' title="bbox 266 2183 2140 2294; baseline 0.002 -32"><span class='ocrx_word' id='word_1_105' title='bbox 266 2277 270 2286; x_wconf 21' lang='grc' dir='ltr'>ι</span> <span class='ocrx_word' id='word_1_106' title='bbox 351 2207 403 2283; x_wconf 81' lang='grc' dir='ltr'>ιιι,</span> <span class='ocrx_word' id='word_1_107' title='bbox 427 2218 502 2292; x_wconf 91' lang='lat' dir='ltr'><strong>quo</strong></span> <span class='ocrx_word' id='word_1_108' title='bbox 530 2195 671 2290; x_wconf 83' lang='lat' dir='ltr'><strong>longius</strong></span> <span class='ocrx_word' id='word_1_109' title='bbox 698 2197 734 2270; x_wconf 88' lang='lat' dir='ltr'><strong>in</strong></span> <span class='ocrx_word' id='word_1_110' title='bbox 762 2197 803 2267; x_wconf 86' lang='lat' dir='ltr'><strong>iis</strong></span> <span class='ocrx_word' id='word_1_111' title='bbox 829 2220 1038 2294; x_wconf 85' lang='lat' dir='ltr'><strong>progressus</strong></span> <span class='ocrx_word' id='word_1_112' title='bbox 1062 2197 1144 2290; x_wconf 83' lang='lat' dir='ltr'><strong>sim,</strong></span> <span class='ocrx_word' id='word_1_113' title='bbox 1167 2219 1212 2266; x_wconf 87' lang='lat' dir='ltr'><strong>eo</strong></span> <span class='ocrx_word' id='word_1_114' title='bbox 1240 2195 1367 2292; x_wconf 82' lang='lat' dir='ltr'><strong>magis,</strong></span> <span class='ocrx_word' id='word_1_115' title='bbox 1394 2208 1531 2291; x_wconf 85' lang='lat' dir='ltr'><strong>quanta</strong></span> <span class='ocrx_word' id='word_1_116' title='bbox 1557 2183 1594 2266; x_wconf 84' lang='lat' dir='ltr'><strong>et</strong></span> <span class='ocrx_word' id='word_1_117' title='bbox 1618 2195 1741 2291; x_wconf 91' lang='lat' dir='ltr'><strong>qualia</strong></span> <span class='ocrx_word' id='word_1_118' title='bbox 1766 2192 1964 2266; x_wconf 89' lang='lat' dir='ltr'><strong>desiderari</strong></span> <span class='ocrx_word' id='word_1_119' title='bbox 1988 2197 2140 2292; x_wconf 75' lang='lat' dir='ltr'><strong>possint,</strong></span> 
     </span>
     <span class='ocr_line' id='line_1_12' title="bbox 350 2340 2192 2449; baseline 0.003 -40"><span class='ocrx_word' id='word_1_120' title='bbox 350 2340 600 2412; x_wconf 78' lang='lat' dir='ltr'><strong>intellexerim.</strong></span> <span class='ocrx_word' id='word_1_121' title='bbox 653 2347 780 2438; x_wconf 74' lang='lat' dir='ltr'><strong>Aequo</strong></span> <span class='ocrx_word' id='word_1_122' title='bbox 806 2343 914 2439; x_wconf 85' lang='lat' dir='ltr'><strong>igitur</strong></span> <span class='ocrx_word' id='word_1_123' title='bbox 936 2345 1192 2438; x_wconf 51' lang='lat' dir='ltr'><strong>bene-veloque</strong></span> <span class='ocrx_word' id='word_1_124' title='bbox 1217 2343 1355 2434; x_wconf 85' lang='lat' dir='ltr'><strong>auimo,</strong></span> <span class='ocrx_word' id='word_1_125' title='bbox 1382 2341 1487 2438; x_wconf 88' lang='lat' dir='ltr'><strong>quod</strong></span> <span class='ocrx_word' id='word_1_126' title='bbox 1512 2341 1573 2414; x_wconf 86' lang='lat' dir='ltr'><strong>bie</strong></span> <span class='ocrx_word' id='word_1_127' title='bbox 1598 2365 1792 2437; x_wconf 82' lang='lat' dir='ltr'><strong>propono,</strong></span> <span class='ocrx_word' id='word_1_128' title='bbox 1816 2343 1998 2437; x_wconf 85' lang='lat' dir='ltr'><strong>accipiant</strong></span> <span class='ocrx_word' id='word_1_129' title='bbox 2022 2343 2135 2414; x_wconf 82' lang='lat' dir='ltr'><strong>lecto-</strong></span> <span class='ocrx_word' id='word_1_130' title='bbox 2188 2441 2192 2449; x_wconf 33' lang='grc' dir='ltr'>Ι</span> 
     </span>
     <span class='ocr_line' id='line_1_13' title="bbox 350 2485 2138 2589; baseline 0.003 -32"><span class='ocrx_word' id='word_1_131' title='bbox 350 2509 431 2581; x_wconf 86' lang='lat' dir='ltr'><strong>res,</strong></span> <span class='ocrx_word' id='word_1_132' title='bbox 457 2501 494 2558; x_wconf 85' lang='lat' dir='ltr'><strong>ct</strong></span> <span class='ocrx_word' id='word_1_133' title='bbox 510 2489 576 2559; x_wconf 84' lang='lat' dir='ltr'><strong>viri</strong></span> <span class='ocrx_word' id='word_1_134' title='bbox 602 2513 662 2560; x_wconf 88' lang='lat' dir='ltr'><strong>me</strong></span> <span class='ocrx_word' id='word_1_135' title='bbox 684 2491 875 2586; x_wconf 86' lang='lat' dir='ltr'><strong>peritiores</strong></span> <span class='ocrx_word' id='word_1_136' title='bbox 900 2503 1011 2589; x_wconf 86' lang='lat' dir='ltr'><strong>atque</strong></span> <span class='ocrx_word' id='word_1_137' title='bbox 1035 2489 1252 2565; x_wconf 76' lang='lat' dir='ltr'><strong>eruditiores</strong></span> <span class='ocrx_word' id='word_1_138' title='bbox 1278 2489 1551 2562; x_wconf 78' lang='lat' dir='ltr'><strong>observationes</strong></span> <span class='ocrx_word' id='word_1_139' title='bbox 1577 2511 1677 2560; x_wconf 86' lang='lat' dir='ltr'><strong>meas</strong></span> <span class='ocrx_word' id='word_1_140' title='bbox 1702 2485 1829 2583; x_wconf 87' lang='lat' dir='ltr'><strong>dignas</strong></span> <span class='ocrx_word' id='word_1_141' title='bbox 1853 2487 2025 2582; x_wconf 82' lang='lat' dir='ltr'><strong>habeant,</strong></span> <span class='ocrx_word' id='word_1_142' title='bbox 2048 2512 2138 2586; x_wconf 80' lang='lat' dir='ltr'><strong>quas</strong></span> 
     </span>
    </p>
   </div>
   <div class='ocr_carea' id='block_1_3' title="bbox 350 2631 1268 2727">
    <p class='ocr_par' dir='ltr' id='par_1_3' title="bbox 350 2631 1268 2727">
     <span class='ocr_line' id='line_1_14' title="bbox 350 2631 1268 2727; baseline 0.008 -24"><span class='ocrx_word' id='word_1_143' title='bbox 350 2634 578 2727; x_wconf 56' lang='lat' dir='ltr'><strong>examineng‘</strong></span> <span class='ocrx_word' id='word_1_144' title='bbox 596 2648 633 2706; x_wconf 87' lang='lat' dir='ltr'><strong>et</strong></span> <span class='ocrx_word' id='word_1_145' title='bbox 655 2631 713 2706; x_wconf 81' lang='lat' dir='ltr'><strong>vol</strong></span> <span class='ocrx_word' id='word_1_146' title='bbox 736 2635 958 2710; x_wconf 83' lang='lat' dir='ltr'><strong>confirment</strong></span> <span class='ocrx_word' id='word_1_147' title='bbox 978 2639 1035 2709; x_wconf 83' lang='lat' dir='ltr'><strong>rel</strong></span> <span class='ocrx_word' id='word_1_148' title='bbox 1059 2637 1268 2712; x_wconf 84' lang='lat' dir='ltr'><strong>emendent</strong></span> 
     </span>
    </p>
   </div>
   <div class='ocr_carea' id='block_1_4' title="bbox 324 2733 2136 2884">
    <p class='ocr_par' dir='ltr' id='par_1_4' title="bbox 324 2733 2136 2884">
     <span class='ocr_line' id='line_1_15' title="bbox 324 2733 2136 2884; baseline -0.001 -27"><span class='ocrx_word' id='word_1_149' title='bbox 324 2817 328 2826; x_wconf 90' lang='lat'>·</span> <span class='ocrx_word' id='word_1_150' title='bbox 449 2779 582 2856; x_wconf 80' lang='lat' dir='ltr'><strong>Plttttl</strong></span> <span class='ocrx_word' id='word_1_151' title='bbox 606 2780 865 2874; x_wconf 84' lang='lat' dir='ltr'><strong>dilectissimo,</strong></span> <span class='ocrx_word' id='word_1_152' title='bbox 895 2784 961 2879; x_wconf 92' lang='lat' dir='ltr'><strong>qui</strong></span> <span class='ocrx_word' id='word_1_153' title='bbox 986 2808 1139 2879; x_wconf 89' lang='lat' dir='ltr'><strong>puerum</strong></span> <span class='ocrx_word' id='word_1_154' title='bbox 1167 2808 1227 2854; x_wconf 89' lang='lat' dir='ltr'><strong>me</strong></span> <span class='ocrx_word' id='word_1_155' title='bbox 1249 2779 1295 2852; x_wconf 88' lang='lat' dir='ltr'><strong>ad</strong></span> <span class='ocrx_word' id='word_1_156' title='bbox 1323 2793 1489 2856; x_wconf 85' lang='lat' dir='ltr'><strong>naturam</strong></span> <span class='ocrx_word' id='word_1_157' title='bbox 1515 2733 1838 2876; x_wconf 64' lang='lat' dir='ltr'><strong>contemplandam</strong></span> <span class='ocrx_word' id='word_1_158' title='bbox 1864 2783 2011 2884; x_wconf 84' lang='lat' dir='ltr'><strong>impulit</strong></span> <span class='ocrx_word' id='word_1_159' title='bbox 2035 2785 2136 2856; x_wconf 81' lang='lat' dir='ltr'><strong>iuve-</strong></span> 
     </span>
    </p>
   </div>
   <div class='ocr_carea' id='block_1_5' title="bbox 345 2927 2138 3588">
    <p class='ocr_par' dir='ltr' id='par_1_5' title="bbox 345 2927 2138 3588">
     <span class='ocr_line' id='line_1_16' title="bbox 350 2927 2136 3026; baseline 0.001 -26"><span class='ocrx_word' id='word_1_160' title='bbox 350 2951 512 3025; x_wconf 87' lang='lat' dir='ltr'><strong>nemque</strong></span> <span class='ocrx_word' id='word_1_161' title='bbox 531 2929 728 3026; x_wconf 87' lang='lat' dir='ltr'><strong>praeeipua</strong></span> <span class='ocrx_word' id='word_1_162' title='bbox 750 2932 911 3025; x_wconf 74' lang='lat' dir='ltr'><strong>cantate,</strong></span> <span class='ocrx_word' id='word_1_163' title='bbox 932 2946 976 3003; x_wconf 87' lang='lat' dir='ltr'><strong>ut</strong></span> <span class='ocrx_word' id='word_1_164' title='bbox 999 2953 1243 3026; x_wconf 88' lang='lat' dir='ltr'><strong>quaecunque</strong></span> <span class='ocrx_word' id='word_1_165' title='bbox 1268 2929 1354 3000; x_wconf 91' lang='lat' dir='ltr'><strong>buic</strong></span> <span class='ocrx_word' id='word_1_166' title='bbox 1379 2929 1487 3000; x_wconf 88' lang='lat' dir='ltr'><strong>aetati</strong></span> <span class='ocrx_word' id='word_1_167' title='bbox 1511 2928 1735 3000; x_wconf 80' lang='lat' dir='ltr'><strong>conveniunt</strong></span> <span class='ocrx_word' id='word_1_168' title='bbox 1758 2927 1984 3024; x_wconf 83' lang='lat' dir='ltr'><strong>disciplinae,</strong></span> <span class='ocrx_word' id='word_1_169' title='bbox 2009 2931 2053 3002; x_wconf 89' lang='lat' dir='ltr'><strong>iis</strong></span> <span class='ocrx_word' id='word_1_170' title='bbox 2079 2931 2136 3002; x_wconf 91' lang='lat' dir='ltr'><strong>in·</strong></span> 
     </span>
     <span class='ocr_line' id='line_1_17' title="bbox 348 3075 2137 3184; baseline 0.002 -36"><span class='ocrx_word' id='word_1_171' title='bbox 348 3077 528 3184; x_wconf 64' lang='lat' dir='ltr'><strong>stitnefer,</strong></span> <span class='ocrx_word' id='word_1_172' title='bbox 552 3078 702 3169; x_wconf 77' lang='lat' dir='ltr'><strong>curarit,</strong></span> <span class='ocrx_word' id='word_1_173' title='bbox 725 3102 771 3152; x_wconf 87' lang='lat' dir='ltr'><strong>ac</strong></span> <span class='ocrx_word' id='word_1_174' title='bbox 792 3079 1025 3176; x_wconf 85' lang='lat' dir='ltr'><strong>Praeceptori</strong></span> <span class='ocrx_word' id='word_1_175' title='bbox 1046 3101 1190 3150; x_wconf 81' lang='lat' dir='ltr'><strong>summe</strong></span> <span class='ocrx_word' id='word_1_176' title='bbox 1213 3076 1429 3170; x_wconf 83' lang='lat' dir='ltr'><strong>reverendo,</strong></span> <span class='ocrx_word' id='word_1_177' title='bbox 1455 3076 1653 3150; x_wconf 82' lang='lat' dir='ltr'><strong>clarissimo</strong></span> <span class='ocrx_word' id='word_1_178' title='bbox 1679 3075 1923 3172; x_wconf 58' lang='lat' dir='ltr'><strong>cobortes,</strong></span> <span class='ocrx_word' id='word_1_179' title='bbox 1949 3081 2013 3175; x_wconf 90' lang='lat' dir='ltr'><strong>qui</strong></span> <span class='ocrx_word' id='word_1_180' title='bbox 2039 3081 2137 3152; x_wconf 91' lang='lat' dir='ltr'><strong>Zoo·</strong></span> 
     </span>
     <span class='ocr_line' id='line_1_18' title="bbox 347 3221 2138 3317; baseline 0.001 -25"><span class='ocrx_word' id='word_1_181' title='bbox 347 3223 483 3292; x_wconf 86' lang='lat' dir='ltr'><strong>tomias</strong></span> <span class='ocrx_word' id='word_1_182' title='bbox 509 3221 631 3294; x_wconf 89' lang='lat' dir='ltr'><strong>studio</strong></span> <span class='ocrx_word' id='word_1_183' title='bbox 664 3247 724 3293; x_wconf 90' lang='lat' dir='ltr'><strong>me</strong></span> <span class='ocrx_word' id='word_1_184' title='bbox 750 3223 883 3294; x_wconf 88' lang='lat' dir='ltr'><strong>imbuit</strong></span> <span class='ocrx_word' id='word_1_185' title='bbox 917 3237 954 3296; x_wconf 91' lang='lat' dir='ltr'><strong>et</strong></span> <span class='ocrx_word' id='word_1_186' title='bbox 986 3223 1238 3296; x_wconf 81' lang='lat' dir='ltr'><strong>liberalissimo</strong></span> <span class='ocrx_word' id='word_1_187' title='bbox 1276 3221 1618 3317; x_wconf 83' lang='lat' dir='ltr'><strong>humanissimoque</strong></span> <span class='ocrx_word' id='word_1_188' title='bbox 1650 3221 1775 3293; x_wconf 85' lang='lat' dir='ltr'><strong>animo</strong></span> <span class='ocrx_word' id='word_1_189' title='bbox 1806 3221 1926 3296; x_wconf 86' lang='lat' dir='ltr'><strong>studia</strong></span> <span class='ocrx_word' id='word_1_190' title='bbox 1951 3247 2032 3294; x_wconf 88' lang='lat' dir='ltr'><strong>mea</strong></span> <span class='ocrx_word' id='word_1_191' title='bbox 2057 3247 2138 3295; x_wconf 91' lang='lat' dir='ltr'><strong>mo-</strong></span> 
     </span>
     <span class='ocr_line' id='line_1_19' title="bbox 349 3366 2137 3468; baseline 0.004 -30"><span class='ocrx_word' id='word_1_192' title='bbox 349 3366 494 3438; x_wconf 88' lang='lat' dir='ltr'><strong>deratus</strong></span> <span class='ocrx_word' id='word_1_193' title='bbox 519 3383 573 3439; x_wconf 86' lang='lat' dir='ltr'><strong>est</strong></span> <span class='ocrx_word' id='word_1_194' title='bbox 597 3368 807 3461; x_wconf 72' lang='lat' dir='ltr'><strong>stadium,</strong></span> <span class='ocrx_word' id='word_1_195' title='bbox 832 3369 940 3442; x_wconf 82' lang='lat' dir='ltr'><strong>hasce</strong></span> <span class='ocrx_word' id='word_1_196' title='bbox 965 3369 1169 3446; x_wconf 87' lang='lat' dir='ltr'><strong>studiorum</strong></span> <span class='ocrx_word' id='word_1_197' title='bbox 1195 3373 1374 3468; x_wconf 81' lang='lat' dir='ltr'><strong>primitias</strong></span> <span class='ocrx_word' id='word_1_198' title='bbox 1398 3371 1502 3467; x_wconf 88' lang='lat' dir='ltr'><strong>quasi</strong></span> <span class='ocrx_word' id='word_1_199' title='bbox 1522 3371 1575 3465; x_wconf 85' lang='lat' dir='ltr'><strong>pii</strong></span> <span class='ocrx_word' id='word_1_200' title='bbox 1594 3371 1761 3466; x_wconf 83' lang='lat' dir='ltr'><strong>gratique</strong></span> <span class='ocrx_word' id='word_1_201' title='bbox 1787 3373 1899 3446; x_wconf 89' lang='lat' dir='ltr'><strong>animi</strong></span> <span class='ocrx_word' id='word_1_202' title='bbox 1916 3398 2137 3446; x_wconf 84' lang='lat' dir='ltr'><strong>monumen·</strong></span> 
     </span>
     <span class='ocr_line' id='line_1_20' title="bbox 345 3485 1394 3588; baseline -0.009 0"><span class='ocrx_word' id='word_1_203' title='bbox 345 3529 424 3587; x_wconf 90' lang='lat' dir='ltr'><strong>tum</strong></span> <span class='ocrx_word' id='word_1_204' title='bbox 452 3539 569 3588; x_wconf 85' lang='lat' dir='ltr'><strong>sacras</strong></span> <span class='ocrx_word' id='word_1_205' title='bbox 594 3537 671 3588; x_wconf 83' lang='lat' dir='ltr'><strong>esse</strong></span> <span class='ocrx_word' id='word_1_206' title='bbox 696 3515 793 3588; x_wconf 81' lang='lat' dir='ltr'><strong>volo.</strong></span> <span class='ocrx_word' id='word_1_207' title='bbox 1389 3485 1394 3491; x_wconf 38' lang='lat'>¹</span> 
     </span>
    </p>
   </div>
   <div class='ocr_carea' id='block_1_6' title="bbox 348 3697 647 3713">
    <p class='ocr_par' dir='ltr' id='par_1_6' title="bbox 348 3697 647 3713">
     <span class='ocr_line' id='line_1_21' title="bbox 348 3697 647 3713; baseline -0.007 -3"><span class='ocrx_word' id='word_1_208' title='bbox 348 3697 647 3713; x_wconf 52' lang='lat' dir='ltr'><strong>...equ-*a-</strong></span> 
     </span>
    </p>
   </div>
   <div class='ocr_carea' id='block_1_7' title="bbox 408 3779 1738 3886">
    <p class='ocr_par' dir='ltr' id='par_1_7' title="bbox 408 3779 1738 3886">
     <span class='ocr_line' id='line_1_22' title="bbox 408 3779 1738 3886; baseline 0 -24"><span class='ocrx_word' id='word_1_209' title='bbox 408 3801 444 3878; x_wconf 70' lang='grc' dir='ltr'><strong>ι)</strong></span> <span class='ocrx_word' id='word_1_210' title='bbox 464 3797 603 3881; x_wconf 62' lang='lat' dir='ltr'><strong>sermea</strong></span> <span class='ocrx_word' id='word_1_211' title='bbox 623 3779 677 3864; x_wconf 70' lang='lat' dir='ltr'><strong>:ir</strong></span> <span class='ocrx_word' id='word_1_212' title='bbox 697 3801 857 3866; x_wconf 67' lang='lat' dir='ltr'><strong>marcore</strong></span> <span class='ocrx_word' id='word_1_213' title='bbox 876 3799 931 3867; x_wconf 73' lang='lat' dir='ltr'><strong>res</strong></span> <span class='ocrx_word' id='word_1_214' title='bbox 952 3801 1164 3886; x_wconf 64' lang='lat' dir='ltr'><strong>mosangen</strong></span> <span class='ocrx_word' id='word_1_215' title='bbox 1185 3801 1404 3870; x_wconf 69' lang='lat' dir='ltr'><strong>mammes.</strong></span> <span class='ocrx_word' id='word_1_216' title='bbox 1426 3801 1491 3866; x_wconf 76' lang='lat' dir='ltr'><strong>ise.</strong></span> <span class='ocrx_word' id='word_1_217' title='bbox 1515 3799 1604 3864; x_wconf 78' lang='lat' dir='ltr'><strong>isso.</strong></span> <span class='ocrx_word' id='word_1_218' title='bbox 1627 3818 1655 3882; x_wconf 71' lang='lat' dir='ltr'><strong>p.</strong></span> <span class='ocrx_word' id='word_1_219' title='bbox 1668 3798 1738 3862; x_wconf 82' lang='lat' dir='ltr'><strong>oso.</strong></span> 
     </span>
    </p>
   </div>
   <div class='ocr_carea' id='block_1_8' title="bbox 0 0 2398 6002">
    <p class='ocr_par' dir='ltr' id='par_1_8' title="bbox 0 0 2398 6002">
     <span class='ocr_line' id='line_1_23' title="bbox 0 0 2398 6002; baseline 0 7"><span class='ocrx_word' id='word_1_220' title='bbox 0 0 2398 6002; x_wconf 95' lang='lat' dir='ltr'><strong> </strong></span> 
     </span>
    </p>
   </div>
  </div>
 </body>
</html>
