4748 6000
1128 644 1377 726 ..gg-

344 860 472 943 spectu
499 871 638 942 ponere
662 849 867 944 potuerim,
904 859 1029 936 tamen
1054 844 1096 916 id
1120 867 1178 915 me
1204 840 1521 937 animadvertisse,
1560 869 1637 918 non
1659 845 1831 918 omnibus
1855 847 1894 920 in
1922 847 2138 922 animalibus

345 971 463 1068 aeque
489 972 596 1068 plane
619 995 660 1044 ac
682 973 872 1068 perspicue
899 991 1030 1040 nervos
1056 993 1132 1046 esse
1160 987 1346 1064 expressos
1360 1019 1371 1059 ,
1408 965 1458 1037 ita
1482 979 1524 1038 ut
1549 965 1733 1040 interdum
1759 970 1928 1042 tenuiora
1953 967 2137 1046 lilameuta

347 1092 405 1164 rix
427 1093 629 1192 investigari
662 1094 815 1190 possint.
867 1073 973 1183 Quae
1007 1115 1064 1164 res
1089 1115 1168 1164 nou
1200 1113 1242 1160 ex
1272 1087 1483 1161 animalium
1521 1089 1866 1164 conservandorum·
1894 1091 2009 1165 modo
2040 1093 2141 1168 der*

348 1214 466 1288 sanda
492 1229 556 1309 est,
585 1241 699 1312 quum
729 1217 945 1288 nouaclum
973 1240 994 1287 e
1019 1213 1255 1288 crassitudine
1277 1238 1320 1286 ao
1346 1199 1616 1310 perspicuitate,
1640 1211 1706 1285 sed
1731 1238 1753 1284 e
1775 1213 2016 1286 multitudiue·
2030 1215 2138 1288 etiam

273 1367 274 1371 ¹
349 1363 544 1412 nervorum
573 1341 704 1438 quovis
730 1365 751 1412 e
774 1337 875 1412 nodo
903 1339 1117 1412 emissorum
1144 1338 1294 1411 varietas
1320 1349 1570 1432 cognoscatur

449 1463 650 1537 Nervorum
674 1477 831 1560 systema
856 1461 995 1559 hpodis
1019 1475 1061 1535 ut
1082 1463 1236 1534 aliorum
1264 1457 1539 1568 Crustaceorum
1562 1461 1679 1540 tribus
1705 1484 1725 1531 e
1749 1461 1915 1556 partibus
1940 1473 2093 1554 constat,
2117 1485 2140 1532 e

350 1585 503 1656 cerebro
531 1598 567 1656 et
592 1585 711 1657 nervis
733 1609 776 1656 ex
801 1607 845 1656 eo
873 1585 982 1671 ortis,
1018 1609 1038 1656 e
1070 1585 1164 1656 serie
1186 1582 1412 1680 gangliorum
1438 1556 1675 1675 neutralium,
1691 1594 1745 1652 et
1777 1604 1797 1652 e
1823 1593 2014 1677 systemate
2039 1583 2139 1654 nervi

349 1707 567 1802 sympathici
592 1709 807 1796 (lllueller)
833 1707 1130 1807 sirenemorum
1154 1705 1517 1802 reproductoriorum
1542 1699 1752 1794 (Braudt).
1784 1749 1787 1759 .

450 1837 480 1911 i.
510 1833 568 1904 96.
623 1829 833 1904 Cerebrum.
858 1867 908 1884 -
928 1829 1075 1905 Cerebri
1100 1831 1216 1902 lorma
1243 1839 1279 1900 et
1302 1827 1396 1900 situs·
1416 1827 1488 1897 iam
1515 1849 1635 1921 supra,
1659 1851 1775 1923 quum
1803 1827 1891 1899 situs
1915 1829 2074 1924 partium
2100 1831 2138 1899 in

351 1953 657 2050 cephalothorace
684 1968 926 2050 exponeretur
952 1949 1089 2047 (hill-l,
1117 1953 1318 2050 descriptus
1344 1963 1408 2022 est.
1461 1947 1658 2027 Cerebrum
1685 1947 1791 2034 (Tala.
1809 1949 1858 2025 II.
1890 1952 1974 2050 Frg.
1992 1951 2140 2026 XIX-

348 2077 475 2150 XXII
490 2076 541 2150 A.
576 2077 662 2150 Tala.
673 2079 741 2152 III.
757 2079 851 2177 Fig.
860 2079 885 2150 I
890 2077 987 2149 -V
1000 2076 1066 2164 A.)
1093 2079 1203 2174 igitur
1225 2073 1344 2148 nodus
1371 2095 1522 2146 uerreus
1543 2087 1601 2144 est
1610 2074 1814 2172 ,simplex,
1838 2073 2040 2172 depressus,
2066 2077 2140 2148 lere

349 2199 669 2298 quadrangularis,
700 2202 766 2298 qui
793 2215 876 2273 ante
903 2200 1152 2298 oesophagum
1180 2201 1268 2271 situs
1302 2197 1415 2269 etita
1440 2196 1580 2293 positus
1605 2209 1679 2290 est,
1704 2197 2080 2271 utabinlerioribus
2105 2199 2141 2271 et

348 2321 593 2393 anterioribus
617 2321 663 2393 ad
689 2324 878 2418 superiora
909 2335 945 2393 et
979 2322 1183 2418 posteriora
1212 2319 1393 2392 ascendat
1453 2318 1622 2415 lilarginis
1657 2297 1820 2391 laterales
1854 2323 2136 2420 subemarginati

349 2458 453 2535 sunt,
487 2444 768 2518 medicantem
793 2446 831 2516 in
858 2446 1019 2543 margine
1053 2445 1225 2518 inferiore
1251 2465 1440 2540 processus
1467 2441 1617 2539 quidam
1645 2466 1775 2539 parvus
1801 2444 2025 2542 obtususque
2051 2471 2143 2518 con-

348 2567 511 2662 spicitur.
539 2603 585 2620 -
610 2569 652 2638 Ηί
680 2569 781 2640 nervi
809 2593 829 2639 e
855 2569 1007 2639 cerebro
1033 2571 1220 2640 oriuntur:

454 2701 485 2762 1.
540 2691 620 2764 Duo
644 2691 742 2762 uerri
769 2690 955 2764 fortissimi
981 2689 1029 2763 ad
1054 2691 1180 2762 oculos
1212 2687 1437 2784 compositos
1463 2686 1699 2762 ascendentes
1733 2687 1837 2773 (Tot.
1855 2688 1904 2764 II.
1938 2687 2022 2790 Fig.
2044 2691 2145 2766 XIX

351 2815 526 2889 -XXII
544 2841 577 2888 a.
611 2813 696 2889 Tat.
713 2813 780 2886 III.
807 2815 890 2913 Fig.
902 2812 930 2887 I.
950 2814 1001 2896 Β.)
1028 2837 1070 2882 ex
1096 2813 1234 2909 augulis
1260 2810 1399 2882 cerebri
1427 2811 1687 2906 superioribus.

450 2942 485 3010 2.
536 2937 670 3009 Nervus
683 2935 731 3007 ad
745 2937 840 3008 oculi
858 2935 1004 3010 iuvenili
1021 2935 1167 3007 animali
1184 2931 1590 3033 proprii-rudimentum
1601 2935 1708 3019 (Tac.
1720 2935 1768 3008 II.
1783 2936 1961 3036 Fig.XX.
1974 2938 2080 3013 XXI.
2093 2941 2139 3028 o.)

338 3056 492 3131 ¹duabus
515 3055 700 3130 radicibus
725 3055 850 3128 medin
874 3079 894 3126 e
920 3055 1080 3150 margine
1104 3055 1293 3152 superiore
1319 3057 1446 3130 oritur.
1473 3058 1579 3130 -Hi
1606 3059 1704 3132 nervi
1731 3083 1803 3131 una
1829 3084 1912 3132 cum
1940 3063 2053 3136 oculis
2081 3065 2140 3136 iu-

346 3183 400 3254 sra
425 3180 634 3278 diligentius
659 3179 922 3252 describentur.

414 3310 481 3376 3
534 3304 615 3374 Duo
645 3301 744 3374 nervi
771 3301 875 3384 (Tab
892 3300 943 3374 II.
969 3301 1055 3400 Fig.
1075 3300 1240 3375 XIXd.
1279 3298 1367 3375 Tot.
1386 3303 1455 3378 III.
1491 3303 1575 3402 Fig.
1591 3304 1620 3378 I.
1636 3305 1688 3376 V
1712 3224 1781 3380 II.
1803 3305 1875 3393 C.)
1890 3309 2141 3405 oesophagum

358 3423 640 3522 complectentes
667 3439 703 3496 et
728 3425 775 3498 ad
801 3437 940 3522 partem
967 3425 1132 3522 corporis
1157 3416 1354 3498 ventralem
1382 3426 1663 3524 descendentes,
1688 3455 1730 3501 ex
1755 3431 1893 3528 augulis
1919 3433 2094 3504 cerebri
2085 3447 2144 3504 ιιι·-

350 3551 555 3623 ferioribus.

453 3669 490 3744 ll.
524 3675 624 3745 Duo
649 3673 750 3743 nervi
774 3671 976 3782 tenuissimi
1004 3671 1108 3756 (Tala.
1124 3672 1173 3746 II.
1199 3674 1284 3773 Fr‘g.
1293 3674 1398 3746 XIX.
1408 3698 1438 3750 c.
1473 3671 1559 3749 Tala.
1571 3673 1639 3750 III.
1663 3677 1748 3777 th.
1763 3677 1813 3750 V.
1821 3679 1870 3766 a.)
1898 3700 1941 3750 ex
1966 3679 2029 3750 illo
2055 3703 2145 3775 pro-

353 3820 454 3871 cessu
481 3797 627 3890 obtuso,
653 3795 717 3892 qui
744 3794 902 3866 medio
893 3771 932 3865 m
959 3796 1120 3891 urargine
1146 3797 1316 3870 inleriore
1341 3798 1540 3895 prominet,
1567 3799 1743 3872 or.iuntur
1796 3801 1838 3871 lli
1866 3802 1967 3874 nervi
1993 3802 2040 3875 ad
2062 3802 2144 3874 illos

352 3920 535 3993 musculos
562 3918 667 4004 (Tnb.
683 3919 726 3991 II
760 3919 844 4016 Fig.
856 3917 943 3988 XV
940 3917 991 3990 II.
1004 3918 1112 3990 XIX·
1130 3919 1174 3991 Z.
1206 3918 1293 3994 Tala.
1308 3920 1376 3994 III.
1404 3922 1487 4018 Fig.
1513 3920 1660 4006 V'LZ.)
1696 3947 1734 3994 se
1759 3921 1974 4018 conleruut,
2006 3927 2070 4022 qui
2098 3927 2144 3998 ab

355 4043 529 4116 inferiore
552 4055 655 4140 parte
679 4041 994 4137 cephalothoracis
1018 4041 1255 4114 ascendentes
1281 4057 1318 4116 et
1341 4043 1543 4141 oesophagi
1568 4042 1677 4116 dorso
1705 4045 1934 4141 adiacentes,
1959 4048 2146 4120 membra·

354 4179 423 4238 nae
450 4165 576 4239 ocrrlos
602 4163 855 4270 etcerebrum
883 4163 1181 4251 circumcludenti
1207 4189 1285 4240 sese
1311 4167 1487 4239 inserunt.

452 4295 482 4371 t.
511 4293 571 4360 27.
636 4286 784 4360 Collnre
819 4309 989 4359 nervcum
1025 4303 1060 4360 ct
1089 4310 1282 4363 nervorum
1314 4288 1681 4389 reproductoriorum
1715 4296 1792 4367 sire
1827 4267 2144 4394 oesopdugeorura

352 4430 524 4512 systema.
553 4451 596 4461 -
626 4410 732 4484 Nervi
760 4407 991 4480 inferioribus
1017 4431 1060 4480 cx
1087 4411 1225 4508 angulis
1250 4403 1392 4486 cerebri
1425 4414 1494 4484 orti
1524 4414 1644 4486 statius
1680 4415 1728 4487 ad
1753 4417 1957 4512 posteriora
1989 4441 2028 4488 se
2054 4441 2146 4491 con-

352 4547 499 4606 vertunt
532 4548 568 4605 et
597 4533 828 4629 processibus
861 4529 970 4620 (Tnb.
987 4530 1036 4604 II.
1067 4532 1150 4626 Fig.
1170 4533 1253 4605 XV
1251 4534 1300 4607 II.
1311 4541 1362 4626 f.)
1397 4537 1633 4608 membranae
1665 4539 1791 4612 oculos
1826 4539 2145 4614 circumcludentis

350 4658 450 4752 tecti,
479 4659 518 4729 in
544 4656 716 4729 lateribus
742 4653 941 4751 oesophagi
968 4651 1196 4727 descendunt
1212 4655 1259 4726 ad
1284 4659 1486 4732 musculum
1506 4684 1681 4760 magnum
1698 4663 2006 4758 mandibularum,
2033 4689 2144 4762 quem

351 4784 550 4857 subeuntes
574 4779 621 4852 ad
647 4792 787 4874 partem
815 4777 981 4873 corporis
1006 4779 1201 4850 ventralem
1229 4780 1446 4874 procedunt.
1484 4786 1557 4860 liae
1585 4787 1640 4858 via
1664 4789 1873 4884 complures
1898 4811 1941 4860 ex
1967 4788 2011 4860 iis
2037 4790 2145 4862 emit·

280 4987 284 4996 p
351 4920 480 4987 tuntur
505 4901 616 4976 nervi.
667 4886 893 4996 Simulatque
921 4899 1019 4970 enim
1047 4902 1246 5000 oesophagi
1280 4903 1327 4976 ad
1359 4907 1471 4980 latera
1503 4924 1703 5005 venerunt,
1737 4910 1812 4983 duo
1844 4913 1946 4985 nervi
1971 4913 2145 5010 utrinque

352 5053 394 5099 ex
421 5027 668 5117 iis'oriuntur,
695 5047 855 5119 quorum
881 5021 1043 5096 anterior
1067 5011 1180 5110 (tud
1195 5025 1264 5100 III.
1294 5027 1419 5128 Fr‘gI.
1437 5031 1486 5104 V.
1508 5029 1559 5120 b.)
1595 5034 1772 5106 arcuatim
1799 5035 1846 5108 ad
1871 5037 2048 5134 parietem
2074 5063 2145 5134 po·

349 5152 539 5225 steriorem
573 5145 889 5247 cephalothoracis
911 5168 1032 5216 versus
1057 5170 1130 5218 uua
1163 5171 1245 5219 eum
1273 5154 1436 5224 musculo
1463 5157 1612 5264 parvulo
1649 5156 1696 5229 ad
1728 5159 1839 5256 primi
1875 5161 1973 5256 paris
2006 5159 2143 5258 pedum
