4786 6002
335 838 447 910 latere
471 833 661 912 descendit
686 849 722 910 et
741 838 781 908 in
807 857 1045 914 communem
1070 836 1236 932 corporis
1249 847 1389 910 terrm
1412 839 1556 914 tranat.
1593 839 1686 912 ldae
1718 839 1826 936 igitttr
1847 835 2140 920 ‚mutuatione

334 981 396 1036 ras
421 963 557 1034 muniri
583 975 619 1034 et
642 962 807 1057 seoguini
834 986 877 1033 ex
903 961 1054 1038 carnote
1080 959 1396 1055 cephalotboraois
1428 975 1465 1034 et
1480 964 1542 1034 ab
1576 964 1728 1036 maxillis
1761 961 1814 1035 ad
1840 982 1902 1034 vas
1925 962 2017 1034 scuti
2044 981 2122 1032 ιιιι-

336 1081 439 1156 dium
464 1087 521 1158 via
544 1085 676 1181 aperiri
701 1083 858 1157 videtur.
956 1144 962 1152 .

433 1235 463 1311 i·
491 1235 551 1302 22
603 1228 850 1331 Sanguinis
834 1257 873 1306 m
892 1228 1051 1329 pedibus
1074 1248 1213 1303 causus.
1241 1265 1291 1288 -
1323 1228 1549 1326 Sanguinis'
1541 1253 1578 1302 m
1604 1229 1766 1326 pedibus
1784 1229 1892 1300 etlam
1917 1215 2040 1302 cursus
2065 1175 2125 1300 cli-

335 1352 503 1451 ligentius
527 1355 832 1452 contemplandus
858 1369 921 1427 est.
974 1355 1046 1426 lam
1075 1353 1294 1426 Schaeler
1303 1340 1337 1441 *l
1363 1353 1454 1422 rasis
1480 1351 1666 1424 cuiusdam
1692 1350 1756 1422 latr
1771 1353 2001 1424 monueram
2028 1350 2124 1442 lacit,

337 1475 441 1573 quod
466 1499 584 1574 prope
610 1501 717 1574 supra
741 1479 852 1574 pedes
879 1481 915 1550 in
944 1479 1116 1549 lateribus
1140 1475 1306 1572 'corporis
1328 1473 1507 1548 decurrat.
1558 1477 1672 1547 Facile
1695 1475 1769 1546 lr'oc
1792 1473 1947 1570 quidem
1963 1472 2125 1568 reperiri

335 1611 476 1697 potest,
513 1623 588 1671 nou
616 1616 736 1673 autem
763 1627 823 1673 vas
855 1603 1047 1700 proprium
1084 1603 1106 1671 i.
1136 1623 1167 1670 e.
1202 1623 1262 1670 vas
1284 1601 1485 1695 parietibus
1515 1599 1759 1696 peculiaribus
1793 1593 2127 1689 instrucnrm,·sad

337 1726 470 1795 cavitas
492 1737 630 1796 tantum
658 1727 712 1796 rel
740 1727 873 1796 canalis
899 1725 1063 1822 quidam,
1091 1726 1184 1794 in'ter
1209 1724 1392 1793 musculos
1413 1721 1639 1793 laterales‘et
1663 1731 1795 1792 testam
1819 1729 2001 1790 externam
2026 1721 2128 1812 situs,

339 1871 415 1918 esse
441 1849 533 1920 mihi
559 1850 968 1946 ridetur.·li1ciplthic
994 1849 1127 1920 canalis
1154 1846 1258 1932 (tuo.
1276 1846 1306 1919 ’1.
1334 1832 1632 1946 rtglaVuJH.)
1656 1867 1777 1941 prope
1800 1844 1968 1914 ultimum
1994 1843 2128 1939 pedem

338 1972 527 2068 utriusque
553 1973 674 2044 lateris
701 1987 736 2044 et
762 1973 1012 2071 magnitudine
1045 1972 1177 2042 sensim
1212 1984 1336 2042 auctus
1368 1966 1475 2066 supra
1502 1967 1615 2066 pedes
1632 1969 1685 2038 'iu
1715 1967 1889 2038 lateribus
1920 1964 2130 2036 abdominis

339 2094 379 2164 in
406 2095 587 2165 anteriora
613 2095 792 2193 procedit.
844 2093 1166 2190 Cephalotboracis
1183 2095 1236 2165 'in
1256 2109 1416 2189 utroque
1440 2092 1552 2162 latere
1578 2091 1731 2171 colere
1766 2090 1854 2159 loco
1874 2084 2052 2157 -desinere
2075 2085 2133 2154 ri·

339 2213 471 2311 detur,
503 2242 578 2314 quo
606 2219 750 2316 sanguis
776 2241 796 2290 a
818 2219 968 2288 maxillis
1001 2206 1046 2288 ad
1080 2231 1220 2288 scutum
1254 2209 1427 2287 ascendit.
1489 2214 1644 2309 Singulis
1676 2212 1885 2286 abdominis
1915 2211 1953 2280 in
1990 2207 2131 2278 annulis

339 2340 450 2436 paulo
477 2341 644 2414 dilatatus
671 2351 736 2435 cst,
763 2344 848 2438 qnia
871 2353 975 2412 motu
1002 2340 1137 2437 pedum
1166 2341 1257 2412 cutis
1283 2345 1428 2410 cxtcrua
1455 2335 1734 2434 inter-singulos
1760 2335 1914 2408 aunttlos
1930 2331 2132 2430 complicas·

339 2476 409 2534 tur.
463 2465 683 2561 Plerumque
709 2465 831 2535 colore
859 2464 970 2534 rubro
1001 2463 1129 2534 ceteris
1154 2461 1518 2558 corporis‘partibus
1547 2469 1703 2557 praestat
1736 2467 1772 2528 ct
1806 2455 1959 2527 mortuis
1989 2455 2027 2528 iu
2051 2453 2132 2525 ani-

341 2584 496 2658 malibus
529 2609 637 2686 saepe
672 2589 844 2682 sangnine
877 2583 1063 2683 coagulato
1099 2585 1258 2680 repletus
1291 2596 1355 2654 cst.
1391 2583 1439 2638 -ἑ
1471 2585 1632 2655 Alterum
1666 2582 1829 2654 carralem
1868 2576 1973 2663 lTob.
1993 2576 2030 2651 1.
2047 2577 2133 2675 Fig.

342 2707 478 2783 XVII.
490 2709 551 2794 G.)
577 2711 698 2808 specie
721 2710 977 2781 externahnic
1003 2707 1186 2803 descripto
1213 2715 1370 2802 prorsus'
1395 2705 1550 2777 similem
1584 2708 1622 2776 iu
1649 2711 1753 2801 patto
1785 2689 1937 2774 ventrali
1967 2699 2132 2796 eorporis

343 2833 412 2902 sub
434 2831 591 2928 pedibus
615 2833 748 2929 reperi,
775 2835 838 2930 qni
865 2833 1038 2928 utrinque
1052 2843 1145 2928 post
1167 2809 1326 2901 maxillas
1351 2829 1481 2926 incipit
1505 2843 1546 2901 et
1566 2828 1612 2900 ad
1631 2841 1836 2900 extremum
1854 2846 1971 2920 usque
1996 2820 2133 2918 pedem

345 2953 517 3048 decurrit,
542 2967 620 3026 tum
640 2961 767 3026 autem
795 2954 978 3026 demum
970 2981 1008 3026 ιιι
1035 2961 1272 3050 conspectum
1295 2955 1418 3047 venit,
1453 2954 1491 3024 si
1509 2961 1629 3024 coxae
1658 2947 1839 3061 peduml
1836 2961 1953 3020 ossam
1979 2946 2135 3017 alimen-

344 3078 510 3150 larium
500 3103 537 3149 m
562 3089 688 3149 ventre
715 3087 979 3175 componentes
1009 3078 1234 3182 desecantur.
1274 3110 1323 3130 ·-·
1358 3077 1397 3148 ln
1434 3082 1562 3147 neutrd
1598 3060 1747 3170 quidcrlr
1783 3072 1917 3142 horum
1951 3069 2134 3140 canalium

344 3201 528 3299 sauguinis
551 3225 696 3274 cursum
723 3201 811 3274 rivis
843 3201 883 3274 iu
898 3193 1132 3276 animalibus
1163 3173 1354 3272 observare
1385 3202 1488 3296 potui
1523 3209 1558 3269 et
1582 3209 1735 3294 propter
1758 3195 1866 3266 situm
1893 3195 2023 3264 lrartrm
2049 3213 2137 3290 pau·

343 3321 436 3389 tium
458 3322 642 3392 occultum
669 3335 705 3392 et
730 3335 882 3419 propter
904 3323 1120 3395 continuum
1145 3320 1282 3418 pedum
1309 3325 1478 3416 motum,
1508 3330 1738 3392 tamennon
1757 3317 1836 3389 falli
1860 3339 1919 3388 me
1946 3328 2062 3412 puto,
2103 3313 2134 3383 si

345 3441 528 3537 sauguinis
554 3444 745 3514 circuitum
772 3444 846 3515 hoc
874 3445 986 3516 modo
1021 3447 1251 3556 interpretor.
1279 3443 1445 3516 Canali's
1478 3447 1566 3517 sub
1576 3442 1736 3542 pedibus
1765 3429 1804 3514 ln
1830 3453 1955 3512 ventre
1981 3439 2069 3510 sitos
2096 3459 2137 3507 ex

345 3589 390 3635 eo
416 3565 507 3658 rivo,
534 3565 597 3662 qui
624 3579 708 3662 post
733 3563 927 3638 maxillas
918 3589 955 3638 ιιι
983 3569 1173 3639 caritatem
1200 3567 1515 3664 cephalotho'raeis
1541 3567 1648 3639 etad
1675 3579 1815 3639 scutum
1842 3561 2026 3655 ascendit,
2051 3585 2138 3632 san-

343 3686 491 3782 guinem
515 3686 700 3782 excipere
712 3700 748 3757 et
780 3683 818 3757 in
846 3693 1033 3786 quemque
1066 3687 1199 3784 pedem
1234 3693 1351 3760 rivtrm
1390 3691 1554 3762 emittere
1588 3677 1753 3764 videtui
1786 3685 1988 3758 omnibus
2017 3697 2137 3755 autem

344 3828 386 3878 ex
412 3806 568 3905 pedibus
593 3809 737 3908 sanguis
763 3809 803 3880 in
829 3811 990 3880 canalem
1018 3811 1244 3906 superiorem
1268 3812 1310 3882 ln
1337 3797 1446 3882 latere
1462 3811 1680 3886 abdominis
1697 3811 1805 3882 sinim
1823 3795 1975 3880 conllnit
1998 3820 2036 3876 et
2055 3827 2140 3876 rer-

342 3950 402 4002 sus
424 3931 768 4028 cephalothoraccm
793 3933 1031 4029 propellitur,
1060 3933 1161 4005 unde
1196 3935 1326 4030 partim
1363 3958 1445 4006 cum
1477 3936 1592 4006 altero
1626 3937 1703 4006 rivo
1735 3937 1772 4004 in
1799 3931 2011 4003 branchiam
2037 3915 2143 4020 serui,

345 4056 541 4128 maximam
571 4067 694 4126 autem
719 4068 861 4152 partem
888 4080 970 4127 cum
996 4055 1110 4128 altero
1146 4060 1184 4128 in
1211 4059 1400 4130 caritatem
1433 4057 1644 4129 abdur'n'in‘ls
1674 4057 1881 4128 interiorem
1913 4053 2054 4148 proripi
2081 4052 2137 4122 ri-

345 4177 462 4250 detur.
514 4175 554 4248 lu
580 4175 739 4274 pedibus
765 4189 886 4250 autem
912 4179 998 4275 ipsis
1024 4179 1180 4276 sanguis,
1205 4193 1247 4251 ut
1266 4181 1359 4252 airis
1384 4183 1422 4252 iu
1448 4182 1677 4252 animalibus·
1692 4179 1836 4276 saepius
1863 4174 2066 4266 observari,
2093 4175 2143 4244 ita

296 4357 303 4366 .
347 4302 458 4373 ctrrrit
485 4297 655 4386 (TubII.
678 4300 763 4400 Fig.
785 4301 919 4386 ntus.
982 4301 1141 4398 Margine
1170 4301 1207 4373 ln
1232 4303 1404 4375 inferiore
1429 4323 1546 4400 prope
1577 4321 1710 4374 acoxa
1736 4301 1879 4397 sanguis
1915 4295 2048 4394 pedem
2085 4297 2144 4366 in·

343 4436 415 4494 trat
440 4439 475 4498 et
504 4423 549 4497 ad
577 4425 717 4523 apicem
743 4445 860 4522 usque
886 4426 985 4497 hunc
1021 4448 1164 4498 cursum
1194 4430 1436 4524 persequitur.
1496 4428 1571 4498 llac
1599 4421 1719 4498 aute'nl
1751 4425 1809 4496 via
1834 4423 1935 4493 'ritus
1966 4433 2142 4512 summus,

351 4545 438 4620 dum
468 4549 543 4644 ipse
568 4563 667 4620 reeta
688 4545 882 4646 procedit,
915 4568 1101 4646 quemque
1136 4547 1174 4620 in
1207 4572 1419 4655 processum
1448 4548 1557 4648 pedis
1592 4550 1743 4621 rivulum
1777 4539 2146 4637 minorem'simplici

346 4665 531 4764 sanguinis
556 4668 855 4764 corpusculorum
879 4668 972 4773 serie
1006 4663 1172 4744 ellectum
1200 4672 1357 4768 emittit,
1392 4673 1457 4772 qui
1489 4693 1662 4772 processu
1697 4683 1847 4770 praeter
1880 4665 2083 4761 marginem
2110 4675 2146 4734 et

189 4831 194 4850 ·
287 4861 294 4874 ,
347 4789 560 4863 interiorem
594 4789 871 4864 dexteriorem
899 4789 1133 4866 circumlluxo
1172 4796 1212 4870 iu
1248 4795 1349 4870 illum
1376 4795 1654 4894 ipsumrelluit.
1704 4797 1796 4893 Quo
1818 4789 1933 4866 modo
1961 4790 1991 4859 si
2015 4807 2147 4862 omnes

405 5167 442 5246 1)
462 5167 481 5230 l.
505 5181 532 5230 c.
554 5183 584 5250 p.
605 5165 656 5232 tu.
