4748 6000
1090 595 1344 674 -5g.,

321 797 567 874 mandibulae
599 797 696 895 (Εἰς.
722 793 792 866 VI.
820 803 857 864 et
883 790 993 865 VIII.
1013 789 1073 876 D.)
1107 805 1250 865 tantum
1279 793 1553 866 constructione
1586 821 1680 870 nova
1715 811 1751 870 et
1784 795 2002 871 iuvenilibus
2021 799 2117 878 ,aab

320 921 476 996 malibus
501 921 651 1018 propria
676 929 870 1015 praestant.
923 917 1029 988 Parte
1053 916 1232 988 exteriore
1264 917 1484 1013 subglobosa
1509 943 1531 988 e
1557 919 1865 1016 cepbalotborace
1889 920 1999 1020 longe
2023 921 2117 999 erot-

323 1057 419 1118 ncnt
439 1058 475 1115 et
501 1043 677 1114 continno
704 1041 755 1110 ita
778 1050 999 1132 moventur,
1028 1051 1073 1109 ut
1094 1039 1204 1134 primi
1232 1057 1356 1110 esrum
1393 1039 1523 1112 dentes
1548 1044 1770 1137 posteriores
1800 1045 1872 1116 sibi
1899 1044 2115 1122 inserantur.

321 1167 511 1239 Praeterea
533 1178 658 1236 autem
683 1183 768 1260 pars
793 1185 918 1233 earum
941 1175 1092 1250 externa
1116 1159 1320 1258 appendice
1344 1162 1455 1259 longa
1479 1162 1587 1253 (ibid.
1607 1162 1673 1258 d),
1700 1165 1843 1260 mobili,
1867 1165 2055 1242 articulata
2078 1181 2117 1241 et

321 1287 591 1386 complures-in
619 1285 767 1359 lacinias
793 1297 968 1378 exeunte,
1005 1285 1179 1356 instructa
1214 1297 1277 1356 cst.
1334 1284 1470 1356 Harum
1501 1285 1747 1382 appendicum
1781 1312 1854 1384 npe
1890 1288 2026 1364 animal
2049 1290 2117 1362 ali-

319 1427 442 1491 menta
473 1424 510 1484 et
534 1410 715 1482 attrahere
742 1420 778 1479 et
802 1419 1028 1479 contrectare
1056 1405 1219 1502 ridetur3
1254 1431 1339 1478 nam
1371 1419 1412 1479 ut
1437 1431 1628 1504 processus
1660 1407 1798 1480 bamati
1830 1409 1970 1506 pedum
1990 1412 2117 1504 ,maio-

318 1557 401 1610 rum
426 1546 511 1632 post
533 1531 762 1606 mandibulae
786 1543 1003 1628 congruunt,
1030 1529 1079 1602 ita
1104 1529 1143 1600 hi
1170 1552 1359 1626 processus
1382 1542 1596 1623 morentur,
1617 1544 1658 1605 ut
1683 1545 1767 1628 post
1792 1533 1952 1604 maxillas
1977 1557 2117 1605 conre-

317 1659 422 1740 niant
436 1658 491 1742 lc'l'.
502 1659 586 1758 Fig.
602 1655 646 1730 V
643 1655 696 1740 Il·
731 1655 957 1728 Necessariae
982 1627 1104 1725 adtem
1116 1653 1186 1725 bae
1203 1666 1326 1750 partes
1341 1652 1489 1744 animali
1501 1653 1651 1727 iuvenili
1673 1669 1868 1752 propterca
1882 1668 1980 1744 sunt,
2011 1657 2114 1755 quud

250 1873 255 1882 .
317 1777 433 1879 pedes
458 1779 709 1853 abdominales
739 1792 775 1850 ct
808 1777 946 1850 idcirco
979 1778 1096 1870 losse,
1128 1777 1227 1848 coxis
1257 1800 1385 1848 eorum
1412 1765 1463 1848 in‘.
1475 1789 1579 1874 parte
1606 1778 1756 1850 ventrali
1782 1779 2006 1874 composita,
2047 1806 2114 1878 per

319 1927 431 2001 quam
458 1904 497 1976 in
524 1901 657 1974 adultis
683 1902 900 1974 animalibus
925 1901 1097 1973 alimenta
1123 1901 1178 1972 ori
1204 1911 1458 1996 apportantur,
1483 1899 1649 1972 nondum
1675 1914 1760 1974 sunt
1785 1902 1932 1976 evoluti.
1958 1939 2007 1958 ·-
2028 1904 2117 1981 Ma-

315 2028 499 2102 uillarum
523 2027 724 2098 anteriores
750 2027 844 2126 (Fig.
858 2025 902 2096 V
901 2024 927 2098 I.
943 2024 999 2111 Ε.)
1023 2024 1289 2122 posterioribus
1315 2024 1476 2096 minores
1497 2037 1582 2096 sunt
1606 2039 1645 2096 et
1667 2023 1775 2108 lobrn
1800 2047 1934 2121 magno
1965 2027 2115 2125 latoque

317 2150 421 2238 (ibid.
451 2151 502 2235 CL)
526 2151 657 2247 partim
685 2151 925 2246 obteguntur,
963 2149 1184 2244 posteriores
1206 2145 1309 2232 (ibid.
1336 2147 1391 2231 F.)
1425 2145 1597 2219 dentibus
1619 2148 1774 2220 fortibus
1798 2147 1999 2220 instructae
2019 2164 2115 2227 sunt.

316 2275 487 2352 Ceterum
513 2297 640 2344 omnes
667 2275 736 2345 bae
761 2287 902 2370 partos,
937 2274 1023 2370 quia
1056 2295 1202 2368 prorsus
1231 2268 1435 2367 pellucidae
1474 2283 1511 2342 et
1541 2272 1608 2343 snb
1642 2271 1816 2342 intestine
1840 2270 1999 2345 obscuro
2025 2275 2114 2346 silae

316 2409 413 2490 sunt,
438 2393 587 2468 difficile
610 2399 806 2492 observari,
832 2421 900 2468 nec
927 2397 995 2468 uisi
1021 2397 1059 2466 in
1083 2395 1128 2466 iis
1149 2395 1379 2487 animalibus,
1405 2417 1565 2492 quorum
1587 2395 1806 2466 ventriculus
1830 2394 2011 2508 alimentis
2029 2396 2114 2475 satis

318 2536 510 2596 eramratus
537 2535 601 2616 est,
625 2523 721 2594 benc
744 2517 915 2618 cognosci
939 2532 1103 2618 possunt.

367 2928 375 2942 '
446 2939 477 2990 A
495 2893 635 3006 perth
650 2936 946 2991 ebdomtnltnru
963 2933 1178 2987 evolutione
1196 2915 1316 3000 uq'ue
1334 2937 1384 2987 nd
1404 2935 1697 2990 decrescentium
1715 2940 1813 3001 ports
1835 2941 1973 3004 pedum

984 3057 1257 3109 thornctcoru
1273 3057 1455 3146 nemun·
1939 3033 1942 3038 ¹

1012 3217 1070 3270 rat.
1093 3217 1141 3292 IV.
1168 3205 1223 3289 ttq.
1247 3219 1324 3272 IX-
1333 3221 1420 3286 ml.

414 3425 444 3500 §.
472 3413 533 3491 lt.
587 3416 675 3490 Cute
694 3417 824 3490 iterum
848 3431 1071 3491 commutata
1096 3415 1205 3489 tertio
1231 3418 1305 3490 lere
1328 3417 1388 3490 die
1416 3421 1510 3520 (Fig.
1525 3420 1593 3494 IX.
1623 3435 1658 3492 et
1674 3422 1747 3516 Χ),
1767 3422 1840 3493 iarn
1869 3431 2029 3519 quatuor
2050 3435 2111 3496 aut

316 3539 629 3640 quinquepedum
647 3539 938 3614 abdomiuuliurn.
948 3545 1059 3640 paria
1077 3541 1175 3640 (Fig.
1192 3540 1261 3614 IX.
1275 3541 1323 3612 X.
1340 3541 1392 3616 M.
1413 3543 1498 3644 th.
1516 3545 1586 3616 XI.
1604 3541 1707 3633 XII.)
1727 3545 1870 3616 evoluta
1892 3547 1989 3640 sunt,
2015 3568 2112 3644 quo-

314 3689 395 3737 rum
417 3661 555 3761 pedum
575 3665 731 3761 quisque
749 3665 786 3736 in
802 3665 965 3762 margine
986 3664 1156 3766 inferiore
1170 3688 1230 3736 sex
1249 3689 1437 3761 processus
1457 3666 1640 3761 subacens,
1665 3667 1749 3740 setis
1766 3670 1973 3754 instructos,
1995 3669 2035 3741 in
2051 3691 2113 3741 su-

313 3783 798 3890 periorebrancbiasdnas
824 3783 901 3856 fert.
937 3787 1040 3857 'Post
1064 3785 1133 3856 hos
1159 3783 1274 3881 pedes
1298 3813 1360 3861 sex
1384 3792 1438 3861 vel
1465 3803 1605 3892 septem
1632 3793 1756 3866 annuli
1791 3792 1976 3892 (rign.
1996 3793 2044 3865 X.
2060 3794 2107 3880 c.)

315 3909 601 4008 conspiciuntur,
619 3931 777 4012 quorum
798 3909 997 3981 anteriores
1022 3910 1116 3981 inter
1140 3933 1179 3980 se
1203 3909 1360 4012 disiungi
1378 3916 1588 4011 sensimque
1607 3914 1743 4010 pedum
1767 3915 1923 3988 sormam
1943 3917 2109 4014 accipere

315 4045 530 4130 coeperunt,
555 4047 596 4104 ut
614 4034 763 4126 eluceat,
777 4030 913 4128 pedum
941 4033 1188 4104 evolutionem
1212 4036 1258 4106 ab
1282 4037 1464 4108 anteriore
1489 4039 1654 4133 corporis
1678 4053 1784 4135 parte
1803 4039 1850 4112 ad
1867 4042 2110 4139 posteriorem

313 4153 497 4254 progredi.
531 4157 609 4228 Una
624 4170 744 4258 autem
764 4180 845 4227 cum
874 4155 1007 4226 horum
1026 4151 1162 4250 pedum
1180 4159 1389 4230 evolutione
1405 4159 1495 4231 aliae
1523 4185 1674 4258 quoque
1697 4185 1824 4260 graves
1850 4163 2112 4234 commutatio-

314 4266 551 4352 nesdiversis
576 4281 615 4351 in
641 4279 807 4376 corporis
832 4277 996 4375 partibus
1022 4279 1270 4351 observantur.
1330 4282 1404 4352 lam
1431 4283 1530 4353 enim
1566 4285 1605 4354 in
1635 4283 1942 4380 cephalothorace
1966 4289 2111 4360 ventri-

313 4403 419 4475 culus
440 4405 646 4500 complures
672 4399 895 4499 appendices
917 4402 1092 4499 utrinque
1118 4403 1292 4499 protulit,
1323 4429 1477 4501 quarum
1507 4403 1601 4477 duae
1627 4409 1832 4502 superiores
1860 4421 1897 4482 et
1922 4431 1994 4479 una
2017 4405 2113 4487 inle-¹

313 4528 390 4598 rior
413 4526 688 4624 discernuntur,
713 4540 750 4597 et
774 4539 851 4597 tum
880 4518 1043 4597 demum'
1058 4527 1153 4597 inter
1178 4525 1246 4598 bos
1264 4551 1456 4625 processus
1480 4540 1516 4599 et
1541 4541 1625 4625 post
1651 4531 1796 4602 oculum
1816 4530 1995 4626 imparem
2014 4527 2113 4620 duas·

313 4663 491 4750 apparent
515 4651 676 4722 maculae
702 4637 835 4749 parrae
873 4647 980 4740 (ibid.
1008 4649 1068 4739 P.)
1077 4704 1090 4744 ,
1124 4663 1160 4722 et
1185 4652 1308 4723 colore
1332 4675 1546 4750 purpureo,
1580 4665 1615 4722 ct
1646 4645 1842 4750 splendore
1872 4667 2108 4750 praestantes,

277 4843 282 4849 .
313 4798 404 4872 quas
438 4773 628 4847 oculorum
663 4773 949 4876 corapositorum
979 4773 1191 4874 primordio
1224 4795 1299 4843 esse
1331 4771 1435 4844 lacile
1468 4772 1688 4870 intelligitur.
1753 4772 1955 4866 Quomodo
1987 4785 2108 4848 artem

313 4883 442 4967 eo'nrm
471 4909 592 4997 partes
615 4896 778 4994 singulae
810 4883 1041 4988 evolvantur,
1078 4907 1115 4967 et
1132 4920 1242 4993 -quae
1269 4897 1408 4992 primae
1431 4895 1603 4988 existant,
1646 4893 1690 4966 id.
1712 4895 1862 4993 quidem
1892 4899 2108 4994 perscrutari

313 5015 481 5090 nondum
507 5017 629 5114 licuit,
661 5032 785 5090 tamen
813 5019 929 5090 hocce
956 5019 1090 5090 animal
1115 5018 1311 5118 praecipue
1342 5043 1418 5090 esse
1444 5029 1569 5116 aptum
1597 5031 1708 5116 puto,
1736 5023 1774 5092 in
1801 5040 1899 5118 quo,
1919 5001 2109 5121 'magnitu-

312 5135 400 5212 dine
426 5140 583 5239 partium
610 5141 695 5214 satis
722 5155 846 5236 aucta,
871 5142 964 5244 baec
991 5139 1222 5238 quoque‘res
1243 5144 1377 5214 summi
1405 5145 1584 5214 momenti
1611 5141 1759 5216 fortasse
1785 5145 1958 5241 cognosci
1982 5145 2108 5242 possit,
