4786 6002
1405 633 1411 644 Ι

1100 637 1324 716 ..θ-

1192 767 1197 780 ι

326 839 607 914 membranaoeo
634 835 823 929 lusilormi,
848 835 913 931 qui
939 847 1057 906 totum
1084 857 1152 931 per
1177 853 1310 928 corpus
1335 832 1514 943 pertinet,
1538 843 1692 906 constat.
1742 825 1857 921 Quod
1880 843 1921 904 ut
1949 825 2115 928 affigam

278 935 282 942 Ι
326 962 492 1060 corporis
516 961 631 1053 lateri,
658 957 751 1030 duae
776 958 886 1029 series
912 977 1106 1054 parvorum
1132 955 1379 1027 musculorum
1403 952 1546 1038 (Tati.
1562 947 1818 1053 rigabat)
1845 949 2030 1046 adiuvant,
2048 955 2113 1051 qui

327 1085 501 1158 armatim
529 1106 636 1179 supra
661 1079 761 1152 idem
788 1080 924 1152 extensi
951 1103 1018 1152 neo
1041 1101 1196 1174 usquam
1224 1076 1256 1148 ei
1283 1076 1353 1172 ipsi
1377 1073 1474 1147 affixi
1500 1087 1595 1146 sunt.
1652 1075 1806 1148 Alterius
1828 1075 1935 1149 seriei
1960 1077 2113 1152 musculi

327 1206 428 1292 (ibid.
455 1206 707 1292 tarenorum
734 1203 948 1277 tendinibus
981 1204 1018 1274 in
1043 1200 1247 1297 posteriore
1281 1198 1436 1272 cuiusvis
1468 1199 1592 1274 annuli
1617 1198 1780 1296 margine
1812 1198 1907 1272 inter
1931 1202 2116 1276 musoulos

324 1325 607 1424 longitudinales
632 1323 792 1398 dorsales
818 1325 984 1396 orirmtur
1015 1335 1127 1417 atque
1161 1321 1312 1418 oblique
1346 1323 1386 1394 in
1410 1325 1593 1396 anteriora
1618 1320 1898 1416 descendentes,
1922 1327 2116 1422 multoque

326 1449 517 1524 latitudine
544 1449 654 1541 aneti,
678 1448 831 1544 margini
858 1446 1012 1519 cuiusvis
1037 1445 1160 1518 annuli
1186 1443 1359 1518 anteriori
1387 1445 1606 1528 insumuntur·
1650 1445 1804 1518 Alterius
1828 1446 1933 1518 seriei
1960 1447 2113 1520 massarii

327 1567 508 1660 (itm.)
535 1570 696 1646 eundem
720 1568 874 1666 quidem
905 1571 1044 1642 habent
1077 1583 1197 1642 ortum
1224 1567 1455 1664 eandemque
1484 1566 1743 1660 insertionem,
1777 1565 1960 1664 longiores
1991 1581 2116 1652 autem

326 1696 614 1794 gracilioresque
632 1707 669 1764 et
694 1693 740 1766 ab
759 1694 941 1766 anteriore
966 1693 1091 1764 annuli
1109 1692 1271 1788 margine
1288 1692 1439 1788 oblique
1466 1690 1504 1762 in
1517 1690 1732 1786 ¹posteriora
1756 1687 2031 1782 descendentes,
2053 1713 2114 1762 su-

226 1797 230 1806 ’
326 1843 394 1916 pra
419 1819 528 1890 binos
551 1817 717 1912 eorporis
742 1816 896 1886 annulos
922 1816 1056 1886 extensi
1082 1829 1177 1886 sunt.
1230 1814 1356 1910 ltaque
1388 1837 1501 1909 quum
1536 1813 1575 1886 hi
1609 1812 1758 1884 maseuli
1782 1809 1940 1884 diversas
1966 1813 2005 1886 iu
2029 1835 2116 1930 par-

327 1949 382 2014 tes
403 1951 562 2036 vergant,
588 1937 691 2035 quasi
715 1939 856 2036 plagam
883 1950 1125 2034 componunt,
1145 1962 1219 2034 qua
1246 1939 1408 2010 orarium
1436 1937 1472 2008 in
1498 1935 1664 2030 corporis
1687 1935 1797 2006 latere
1819 1933 2077 2031 suspendisse·

427 2067 458 2144 ς.
480 2057 517 2132 ll.
568 2061 735 2136 Masculr'
759 2061 1090 2160 cephalothoraois.
1117 2097 1165 2120 ι·
1203 2059 1316 2152 Quod
1349 2057 1396 2132 ad
1418 2061 1601 2132 musculos
1632 2060 1947 2156 cephalotboraeia
1974 2064 2117 2157 attinet,

328 2183 400 2253 iam
424 2204 533 2276 supra
558 2178 737 2273 diximus,
768 2182 953 2252 musculos
978 2182 1151 2277 obliquos
1175 2180 1336 2253 dorsales
1362 2179 1514 2270 (Talal.
1540 2180 1744 2280 Fig.l.A.l
1775 2181 1870 2277 parti
1904 2182 1981 2252 eius
2005 2207 2115 2279 supe-

326 2302 415 2375 riori
441 2327 480 2374 se
509 2303 678 2374 inserere.
729 2303 914 2400 Tegantur
938 2316 1059 2375 autem
1085 2304 1164 2375 aliis
1181 2291 1359 2376 ¹mussulis
1385 2302 1491 2388 (Tab.
1501 2303 1530 2376 I.
1545 2303 1629 2401 Fig.
1640 2302 1746 2396 I.B.),
1772 2303 1836 2398 qui
1859 2327 1880 2374 a
1904 2303 2015 2375 latere
2031 2327 2116 2376 eor-

328 2426 429 2520 poris
454 2439 537 2498 eta
563 2427 727 2498 musculo
751 2451 883 2523 magno
909 2426 1203 2500 mandibularum
1230 2427 1467 2498 ascendentes
1493 2451 1536 2498 ex
1557 2440 1712 2522 utraque
1733 2438 1836 2521 parte
1862 2423 1983 2498 cordis
2004 2438 2116 2498 testae

327 2561 496 2619 externae
521 2549 837 2643 cephalothoraois
861 2573 939 2620 sese
965 2547 1126 2648 affigunt·
1169 2551 1268 2622 luter
1292 2573 1387 2646 quos
1412 2573 1506 2622 unus
1531 2548 1726 2644 praecipue
1742 2548 1991 2644 magnitudine
2010 2573 2117 2646 prae-

326 2680 409 2760 stat,
434 2667 499 2764 qui
523 2692 565 2738 ex
589 2664 741 2739 tendine
763 2666 881 2742 valida
908 2683 1007 2741 ortus
1032 2670 1168 2742 multos
1193 2672 1231 2742 in
1257 2669 1445 2744 fasciculos
1466 2673 1550 2742 coni
1577 2671 1730 2743 sormam
1756 2670 1953 2746 relerentes
1980 2671 2118 2747 diffun-

328 2787 436 2862 ditur.
470 2825 518 2842 ·-
554 2789 595 2862 lu
629 2788 800 2860 inforiore
831 2802 934 2885 parte
970 2815 1085 2887 quum
1118 2792 1272 2864 musculi
1310 2791 1520 2868 abdominis
1552 2794 1831 2892 longitudiuales
1861 2798 2040 2872 ventrales
2067 2797 2116 2871 ad

325 2909 529 2985 musculum
554 2927 671 3007 usque
697 2910 991 2986 mandibularum
1013 2913 1226 3010 procedant,
1250 2915 1290 2987 hi
1313 2915 1628 3012 cephalothoraeis
1653 2941 1805 3015 quoque
1827 2934 1969 3017 partem
1992 2936 2117 3018 poste·

326 3032 464 3104 riorem
489 3029 811 3128 transgrediuntur·
863 3033 1013 3105 llusouli
1039 3058 1191 3131 quoque
1217 3033 1269 3128 ii,
1302 3037 1367 3133 qui
1393 3036 1554 3108 maxillas
1578 3051 1746 3132 movent,
1780 3041 1944 3114 musculo
1970 3043 2119 3117 mandi·

327 3154 496 3234 bolarum
522 3153 648 3226 inserti
673 3167 757 3226 sunt
792 3162 835 3238 lv.
868 3153 955 3230 Tala.
973 3155 1043 3229 III.
1065 3158 1150 3256 Fig.
1164 3157 1208 3230 V
1206 3158 1237 3233 I.
1256 3159 1293 3233 B.
1312 3161 1376 3246 lh).
1408 3203 1461 3222 -
1496 3162 1590 3236 Ante
1614 3162 1846 3237 mandibulas
1871 3166 1910 3238 in
1935 3168 2119 3240 anteriore

328 3291 431 3372 parte
447 3277 664 3350 'semilunari
686 3276 1002 3373 cephalothoracis
1027 3281 1256 3377 oesophagus
1272 3283 1575 3387 (Tab.I.Fig.II·
1587 3287 1642 3372 P.)
1659 3287 1835 3382 aseendit,
1862 3289 1926 3386 qui
1952 3312 2013 3360 sex
2037 3313 2121 3362 mu-

330 3399 437 3472 sculis
464 3399 633 3491 sortibus,
668 3415 705 3470 et
730 3404 893 3474 musculo
916 3402 1211 3477 mandibularum
1238 3419 1274 3476 et
1297 3419 1411 3492 testae
1437 3409 1530 3503 parti
1556 3408 1718 3480 inleriori
1743 3409 1898 3503 insertis,
1923 3407 2121 3482 affirmatus

332 3536 394 3594 est.
447 3522 501 3592 ab
535 3521 596 3592 illo
628 3521 765 3592 scilicet
788 3520 863 3594 duo
896 3526 1048 3597 musculi
1074 3526 1283 3600 validissimi
1311 3527 1413 3612 libid.
1442 3531 1499 3627 Q.)
1526 3532 1710 3626 oriuntur,
1727 3515 1806 3629 ‘qui
1837 3535 2122 3607 extremitatibus

333 3644 490 3718 dilatatis
514 3656 634 3716 totum
660 3643 859 3740 oesophagi
882 3647 1057 3740 parietem
1085 3649 1325 3744 posteriorem
1351 3655 1528 3750 vestiunt,
1553 3657 1685 3729 interni
1704 3659 1803 3730 enim
1821 3682 1948 3732 eorum
1964 3659 2120 3734 fasciculi

333 3791 376 3838 ex
408 3780 563 3862 utraque
595 3778 699 3860 parte
730 3766 800 3839 sibi
835 3769 1122 3866 appropinquati
1153 3767 1345 3846 medianae
1377 3778 1575 3874 oesophagi
1607 3779 1724 3850 lineae
1756 3780 1962 3854 inseruntur
1988 3796 2023 3854 et
2047 3782 2121 3860 hoc

333 3887 448 3962 modo
475 3889 569 3960 inter
594 3911 633 3960 se
659 3902 695 3959 et
720 3889 922 3962 musculum
951 3891 1243 3967 mandibularum
1270 3896 1399 3968 lossam
1411 3900 1667 3996 triangularem
1694 3903 1935 3998 constituunt,
1960 3904 2120 4002 iuquam

332 4013 521 4086 ventriculi
547 4011 760 4083 membrana
787 4009 986 4084 descendit.
1038 4015 1076 4086 ln
1103 4019 1285 4092 anteriore
1307 4020 1504 4118 oesophagi
1531 4024 1669 4118 pariete
1694 4048 1739 4096 ex
1763 4038 1917 4123 utraque
1932 4027 2123 4124 parterluo

336 4135 504 4208 oriuntur
535 4133 709 4218 musculi;
744 4135 833 4205 alter
859 4133 960 4218 libid.
985 4134 1037 4222 S.)
1064 4141 1230 4233 superior
1253 4143 1403 4238 oblique
1418 4143 1468 4214 'in
1491 4145 1673 4216 anteriora
1700 4160 1736 4218 et
1761 4149 1938 4220 exteriora
1963 4148 2124 4222 deoarrrit

336 4269 372 4328 et
396 4280 473 4328 sese
499 4269 611 4328 testae
636 4253 773 4350 alligit,
805 4256 894 4329 alter
927 4253 1029 4340 libid.
1062 4260 1113 4340 Τ.)
1149 4285 1169 4332 e
1194 4263 1345 4336 tendine
1378 4267 1480 4338 tenui
1508 4281 1608 4340 ortus
1634 4271 1843 4367 multosque
1874 4274 1911 4344 in
1936 4272 2125 4346 laseiculos

334 4377 484 4450 diffusus
506 4391 589 4452 ante
616 4377 717 4448 illum
744 4375 857 4448 modo
884 4377 1105 4475 descriptum
1133 4382 1252 4456 eidem
1279 4411 1356 4459 sese
1380 4387 1516 4460 inserit.
1546 4425 1592 4446 -·
1627 4391 1796 4490 Denique
1821 4405 1906 4490 post
1930 4393 1999 4466 hos
2025 4419 2126 4468 mua

336 4501 436 4572 culos
460 4499 534 4572 duo
561 4501 622 4572 alii
648 4500 925 4596 conspiciuntur
951 4503 989 4574 in
1013 4505 1319 4600 oephalothoraoe
1344 4511 1413 4583 illis
1438 4513 1591 4608 similes,
1623 4541 1782 4612 quorum
1814 4517 1904 4591 alter
1935 4515 2035 4602 (ibid.
2064 4515 2105 4592 U
2114 4527 2123 4604 l

338 4621 534 4696 etendine
558 4623 660 4696 tenui
686 4624 724 4696 in
750 4623 848 4695 labio
875 4625 1064 4720 superiore
1089 4630 1224 4722 oritur,
1260 4631 1350 4716 alter
1376 4633 1482 4722 (ibid.
1511 4635 1555 4708 V
1553 4643 1576 4722 .)
1603 4639 1725 4710 colore
1752 4638 1911 4742 candido
1938 4654 2125 4737 praestans

332 4742 485 4820 teodine
506 4757 653 4840 angusta
677 4746 841 4818 musculo
867 4745 1161 4824 mandibularum
1187 4749 1311 4826 affixus
1336 4769 1400 4830 est.

433 4867 581 4940 Praeter
616 4867 686 4940 bos
716 4869 899 4944 musculos
933 4872 1070 4966 pariete
1105 4873 1143 4946 iu
1174 4874 1344 4950 inferiore
1377 4883 1693 4979 cephalothoraeis
1728 4886 1816 4958 sitos
1845 4885 1915 4959 hao
1950 4887 1988 4958 in
2020 4896 2125 4982 parte

335 4991 394 5062 alii
418 4989 569 5064 musculi
591 5011 667 5060 non
692 4989 939 5084 inveniuntur,
965 4991 1030 5066 sed
1057 4996 1339 5072 innumerabiles
1363 5005 1639 5100 conspiciuntur
1663 5004 1831 5078 tendinos
1852 5005 2040 5103 parvulae,
2065 5019 2123 5076 to·

335 5135 426 5186 aues
447 5135 489 5184 ao
512 5109 735 5202 multifidae,
768 5134 863 5210 quae
890 5139 933 5188 ex
964 5119 1101 5212 pariete
1127 5121 1297 5196 inferiore
1323 5125 1418 5198 inter
1443 5126 1591 5200 lacinias
1615 5127 1805 5223 glandulae
1831 5129 2020 5202 rentriouli
2047 5127 2120 5202 hoc
