4786 6002
1064 669 1309 748 *01-

291 860 472 960 quaedarn
496 860 628 957 impar,
649 853 821 951 rotunda,
845 860 1009 956 margine
1035 860 1156 936 adbuc
1178 861 1337 936 obsmrm
1362 875 1473 960 atque
1497 863 1631 936 obtuso
1659 863 1791 954 cincta,
1818 861 1856 934 in
1880 871 1972 932 testa
1996 867 2081 956 post

290 981 418 1054 oculos
440 980 568 1052 existit.
621 979 665 1052 Et
689 980 734 1051 ab
761 979 867 1050 initio
893 979 986 1056 haec
1019 983 1237 1078 eminentia,
1262 983 1513 1081 magnitudine
1547 985 1712 1058 animalis
1746 995 1930 1080 respecta,
1962 981 2078 1056 multo

291 1103 411 1177 maior
432 1102 613 1199 latiorque
640 1115 704 1195 est,
732 1125 843 1199 quam
871 1104 909 1176 in
935 1103 1067 1178 adultis
1093 1105 1322 1199 animalibus,
1346 1104 1559 1204 nequedum
1584 1105 1747 1176 maculae
1772 1105 1917 1200 rubrae,
1942 1105 2079 1180 incru-

291 1227 343 1300 cis
367 1226 523 1300 formam
550 1226 798 1323 compositae,
824 1226 862 1298 in
887 1217 1081 1325 superficie
1105 1228 1400 1324 conspiciuntur,
1433 1226 1499 1299 sed
1523 1225 1781 1300 adhuctestae
1807 1239 1985 1300 strucuua
2008 1227 2082 1299 hoc

291 1349 373 1422 loco
400 1348 554 1442 eadem,
587 1372 682 1448 quaa
707 1349 748 1422 in
770 1350 899 1422 ceteris
922 1350 1105 1447 partibus,
1131 1363 1194 1422 est.
1246 1351 1445 1447 Postquam
1470 1361 1590 1424 autem
1624 1350 1766 1446 saepius
1797 1349 1888 1420 cutis
1913 1370 2084 1424 comanu-

291 1484 364 1544 tata
391 1484 456 1564 est,
481 1472 541 1546 illa
562 1473 761 1545 eminentia
787 1485 823 1545 et
845 1473 1045 1572 marginem
1073 1473 1274 1546 acutiorem
1296 1485 1332 1544 et
1357 1472 1519 1545 colorem
1546 1471 1761 1544 lucidiorem
1793 1473 1981 1569 magisque
2002 1474 2083 1569 pel-

292 1579 453 1671 lucidum
481 1594 615 1692 accipit
639 1608 676 1667 et
699 1609 777 1670 urm
804 1594 954 1672 demum
979 1598 1144 1670 maculae
1167 1597 1249 1672 illae
1273 1598 1406 1672 rubrae
1431 1595 1553 1672 media
1569 1597 1609 1668 in
1633 1595 1826 1692 superficie
1849 1594 1969 1668 albida
1994 1595 2084 1666 sitae

291 1732 479 1816 apparent.
1819 1802 1821 1806 .
2003 1731 2036 1788 ,·

305 1881 307 1886 ·
391 1849 421 1924 l·
450 1849 510 1916 bil.
565 1843 726 1918 Ovorum
752 1843 984 1942 receptacula
1009 1869 1175 1942 quoque,
1198 1870 1293 1944 quae
1315 1841 1452 1943 pedum
1476 1842 1766 1920 abdominalium
1791 1841 1870 1940 pari
1888 1837 2084 1910 undecimo

292 1963 398 2040 affixa
422 1980 525 2060 sunt,
548 1967 618 2040 bac
643 1966 793 2042 demum
822 1967 1041 2041 evolutionis
1064 1964 1222 2066 periodo
1245 1989 1287 2038 ex
1308 1965 1396 2063 ipsis
1420 1964 1556 2062 pedum
1584 1963 1768 2061 partibus,
1802 1960 1866 2057 qui
1894 1973 2001 2034 antea
2024 1981 2086 2032 ca·

293 2089 378 2162 dem
404 2089 521 2161 forma
547 2113 619 2186 qua
647 2089 757 2162 ceteri
785 2103 880 2176 sunt,
907 2089 1134 2162 evolvuntur.
1186 2085 1438 2174 (conferantur
1458 2089 1543 2190 Fig.
1556 2087 1704 2160 XXIX.
1731 2098 1768 2158 et
1793 2083 1943 2170 XXX.)-
2007 2082 2086 2155 Hoc

294 2235 339 2284 eo
366 2208 543 2312 efficitur,
575 2210 681 2308 quod
702 2212 827 2308 planta
851 2209 979 2308 pedis,
1004 2224 1046 2284 nt
1070 2211 1120 2285 lu
1145 2210 1267 2286 dicam
1292 2211 1405 2297 libid:
1423 2217 1495 2306 m),
1527 2211 1661 2284 sensim
1684 2206 1877 2304 dilatatur,
1911 2204 2088 2282 branchia

294 2345 415 2406 autem
444 2333 600 2406 exterior
626 2332 699 2404 sire
728 2332 957 2430 triangularis
988 2329 1091 2418 libid·
1118 2337 1162 2420 r.)
1193 2335 1349 2408 formam
1380 2333 1578 2409 rotundam
1610 2345 1902 2429 structuramque
1932 2326 2087 2434 solidiof

245 2529 252 2541 ,
293 2479 370 2526 rem
396 2443 539 2552 accipit.
589 2456 704 2531 Simul
730 2459 913 2532 musculus
938 2458 1002 2540 ille
1022 2456 1127 2542 libid·
1152 2465 1203 2554 tl,
1229 2459 1294 2555 qui
1319 2458 1360 2530 in
1384 2457 1482 2555 pede
1502 2458 1583 2554 ipso
1609 2471 1710 2529 ortus
1735 2455 1783 2529 ad
1808 2453 2022 2527 branchiam
2048 2461 2087 2521 se

295 2575 454 2668 confert,
492 2578 645 2650 crassior
671 2591 708 2650 et
732 2577 862 2652 tortior
896 2599 1007 2677 quam
1033 2579 1072 2658 in
1099 2582 1227 2658 ceteris
1252 2579 1433 2679 pedibus,
1465 2579 1597 2652 sensim
1626 2604 1663 2650 se
1690 2577 1884 2651 contrabit.
1937 2574 2086 2671 Quare
2128 2677 2131 2684 Ι

293 2701 470 2772 branchia
495 2702 678 2798 reiicitur,
701 2716 737 2774 et
760 2704 905 2799 plantae
930 2703 1036 2801 pedis
1060 2705 1356 2803 appropinquata
1382 2705 1421 2776 in
1447 2687 1661 2799 operculum
1688 2723 1841 2774 crorum
1867 2695 2087 2792 receptaculi

297 2831 554 2900 commutatur.
575 2877 581 2888 ·
606 2828 748 2902 interea
774 2839 895 2901 autem
922 2827 1099 2902 branchia
1124 2827 1248 2906 minor
1277 2828 1352 2904 sire
1380 2841 1485 2900 orata
1519 2823 1620 2912 (ibid.
1643 2831 1684 2913 s.)
1716 2835 1929 2922 corrugatur
1953 2843 1996 2894 ac
2020 2817 2088 2892 de-

297 2951 437 3045 crescit,
460 2949 772 3026 ctrndimentum
799 2954 877 3028 eius
901 2977 1011 3052 saepe
1047 2955 1085 3026 in
1120 2949 1252 3024 adultis
1278 2949 1387 3020 etiam
1413 2946 1631 3020 animalibus
1663 2944 1853 3041 reperitur.
1886 2982 1932 3002 -
1966 2941 2089 3014 Prius-

297 3095 410 3170 quam
433 3087 557 3146 autem
583 3074 653 3147 hae
680 3089 802 3172 partes
827 3075 874 3148 ad
899 3075 997 3149 hanc
1021 3075 1219 3173 perlectam
1242 3073 1395 3145 formam
1419 3070 1663 3168 perveniunt,
1696 3067 1819 3140 multis
1850 3077 1964 3138 testae
1986 3087 2091 3141 com·

296 3195 561 3302 mactationibus
588 3221 681 3294 opus
708 3223 786 3270 esse
809 3198 973 3293 ridetur,
993 3223 1078 3271 nam
1106 3220 1220 3297 quum
1247 3196 1361 3293 pedes
1381 3195 1557 3268 thoracici
1584 3194 1742 3265 maiores
1762 3192 1835 3263 iam
1858 3190 1896 3262 in
1921 3186 2090 3260 animali·

294 3317 364 3388 bus
391 3331 549 3414 quatuor
571 3322 686 3396 lineas
711 3322 828 3420 longis
851 3322 1127 3414 desiderantur,
1159 3320 1392 3416 receptacula
1426 3341 1580 3390 ovorum
1606 3312 1791 3388 interdum
1817 3314 1855 3385 in
1886 3311 1952 3402 iis,
1993 3332 2088 3405 quae

296 3443 525 3542 longitudine
547 3445 689 3541 pollicis
714 3444 909 3518 dimidium
938 3457 1124 3541 superant,
1150 3443 1361 3539 imperfecta
1386 3440 1631 3514 inveniuntur.
1659 3473 1706 3492 ·-
1737 3437 1811 3509 llac
1835 3431 2090 3507 observatione

296 3567 347 3638 lll.
374 3567 626 3642 Bertboldi
666 3569 795 3665 opinio
820 3569 1015 3664 refellitur,
1047 3569 1113 3667 qui
1139 3571 1297 3640 ororuni
1323 3563 1541 3662 receptaculi
1567 3563 1716 3635 alteram
1745 3573 1886 3657 partem
1903 3556 2089 3630 branchia

296 3689 505 3787 triangulari
532 3703 570 3763 et
589 3693 714 3790 planta
739 3691 845 3790 pedis
870 3694 1076 3784 concretis,
1114 3688 1263 3770 alteram
1288 3686 1363 3760 sive
1400 3684 1614 3782 operculum
1649 3679 1824 3752 branchia
1857 3693 1963 3754 orata
1985 3703 2089 3750 com-

296 3826 433 3884 mutata
458 3810 552 3886 ellici
575 3825 689 3910 pietat·
760 3873 765 3881 .

396 3933 445 4006 Ex
478 3934 547 4006 bac
563 4015 566 4021 ,
581 3934 797 4032 imperfecta
829 3935 1047 4032 receptaculi
1082 3957 1236 4006 ovorum
1269 3928 1407 4002 externi
1451 3923 1723 3996 constructione
1755 3917 1926 3992 concludi
1956 3929 2090 4014 potest,

297 4053 440 4126 interna
467 4077 620 4151 quoque¹
643 4055 812 4153 genitalia
845 4054 918 4127 hoc
941 4068 1110 4152 tempore
1144 4054 1310 4127 nondum
1344 4049 1607 4148 perlectionem
1640 4044 1772 4141 adepta
1798 4067 1885 4115 esse.
1947 4043 1991 4116 Et
2015 4043 2088 4116 hoc

297 4177 513 4274 quaestione
538 4179 744 4251 anatonrica
769 4178 1017 4256 confirmatur.
1093 4177 1267 4252 Ovorium
1293 4177 1390 4274 (Fig.
1404 4174 1562 4258 XXXI.)
1588 4166 1821 4258 animalium,
1853 4189 1947 4262 quae
1973 4164 2089 4238 linea-

297 4325 377 4372 rum
412 4314 571 4402 quatuor
603 4305 660 4390 rel
690 4305 857 4401 quinque
890 4293 1119 4403 longitudine
1147 4315 1253 4392 sunt,
1288 4299 1416 4370 solae
1449 4295 1569 4368 listula
1596 4293 1738 4366 maiore
1770 4299 1932 4378 constat,
1973 4309 2086 4380 quarn

296 4445 407 4518 supra
431 4426 700 4521 receptaculum
728 4449 881 4498 nvortun
909 4428 1093 4498 internum
1123 4424 1400 4496 nominavimus.
1466 4417 1597 4490 Tubuli
1623 4415 1785 4486 minores
1811 4431 1909 4483 nunc
1935 4406 2086 4484 demum

297 4547 431 4616 sensim
453 4546 640 4641 ‚existunt,
665 4560 702 4620 et
725 4545 764 4619 id
790 4547 942 4644 quidem
969 4575 1013 4621 co
1039 4546 1218 4639 efficitur,
1244 4543 1347 4642 quod
1372 4543 1585 4614 membrana
1609 4536 1749 4632 fistulae
1774 4531 1919 4604 mediae
1948 4531 2088 4627 ubique

295 4691 486 4764 processus
512 4695 644 4744 coecos
670 4684 706 4744 et
730 4673 960 4772 saccilnrmes
986 4649 1093 4756 libid.
1118 4678 1174 4758 aa.)
1208 4667 1397 4766 propellit,
1426 4645 1593 4763 'quorum
1618 4659 1728 4756 primi
1755 4656 1977 4747 anteriores,
2009 4667 2087 4726 tum

297 4793 519 4888 posteriores
542 4795 677 4873 sonaim
703 4797 910 4892 complures
943 4797 983 4868 in
1015 4819 1137 4868 minos
1162 4818 1202 4866 se
1225 4781 1405 4866 dividunt.
1455 4789 1546 4860 Tota
1572 4796 1693 4858 autem
1719 4803 1803 4878 pars
1828 4777 1950 4850 adhuc
1981 4795 2091 4873 pror·

296 4937 357 4986 aus
378 4917 557 5011 pellucida
585 4930 650 5010 est,
675 4941 744 4990 nec
767 4897 923 4992 ordrum
949 4919 1063 4992 ullum
1090 4917 1278 5014 vestigium
1304 4914 1493 5010 reperitur.
1534 4908 1649 4981 Orula
1674 4903 1789 4977 multo
1816 4913 1904 4998 post
1926 4897 2091 5008 demum,

298 5047 335 5106 et
358 5038 477 5132 prima
503 5037 654 5134 quidem
680 5041 719 5112 in
740 5041 931 5113 anteriore¹
946 5041 1057 5111 orarii
1082 5053 1198 5137 parte,
1218 5039 1383 5110 existunt.

397 5165 427 5240 l·
455 5165 514 5235 bl·
583 5153 828 5240 Ventriculus
860 5161 957 5264 lFlg.
980 5163 1126 5237 XXIII.
1153 5161 1307 5236 XXIV.
1337 5159 1400 5246 V.)
1432 5179 1584 5255 quoque
1617 5152 1784 5228 nondum
1819 5173 1899 5258 eam
1935 5147 2091 5220 tonnam
