4786 6002
354 869 657 962 phalotbonaoem
680 879 718 940 et
740 866 814 940 oris
829 875 958 964 partes
984 867 1177 969 obtegente
1203 865 1372 963 differt,
1362 885 1408 936 ιιι
1424 857 1614 935 interiore
1621 866 1743 928 autem
1765 861 1882 950 puto
1889 847 2142 926 membranam

354 991 439 1060 satis
464 989 624 1086 quidem
642 987 803 1060 firmam
812 987 908 1086 (Fig.
924 987 972 1060 II.
986 987 1051 1082 (ἢ),
1084 985 1164 1062 sed
1176 991 1412 1112 tenerrimam
1436 999 1486 1058 et
1497 981 1652 1056 omnino
1672 974 1924 1138 pellucidam,
1948 983 2061 1071 quac.
2057 971 2144 1094 atri

355 1107 494 1182 aditum
522 1106 568 1181 ad
592 1110 716 1204 sangui
707 1115 805 1178 inem
813 1105 935 1178 dare.
945 1108 1159 1180 ridetur.
1985 1117 2007 1141 “·’
2093 1130 2096 1138 ·

453 1233 565 1306 Scuti
572 1245 728 1326 utraque
754 1229 792 1300 in
817 1242 920 1324 parte
945 1231 1080 1302 laterali
1104 1235 1296 1331 complura
1318 1229 1592 1330 conspiciuntur
1614 1249 1703 1299 rasa
1714 1224 1820 1324 (th.
1829 1224 1861 1295 Ι.
1886 1214 2142 1322 Fing.o¹o².

355 1358 400 1426 0³.
416 1361 551 1446 utel-l,
584 1339 828 1448 quae.strato¹
852 1352 890 1422 iu
916 1352 1039 1423 medio
1071 1355 1141 1426 sita
1164 1369 1200 1426 et
1227 1353 1429 1428 viventibus
1458 1350 1676 1424 animalibus
1699 1350 1844 1445 liquore
1874 1341 2143 1443 quodammo-

353 1477 486 1574 guineo
513 1475 651 1571 repleta
683 1498 727 1545 ex
752 1473 1282 1568 ceplralothoraeeaseendere
1310 1477 1672 1569 extremitatibusque
1703 1471 1877 1544 arcuatim
1912 1469 2043 1554 reflexa
2068 1489 2145 1538 etse

353 1599 534 1670 ridentur.
585 1598 659 1666 Hos
685 1596 826 1668 canales
852 1595 984 1668 diversi
1002 1600 1196 1694 scriptores
1222 1600 1362 1672 diverse
1382 1599 1651 1694 descripserunt
1677 1609 1788 1692 atque
1804 1591 2029 1688 interpretati
2050 1603 2142 1662 aaut.

355 1719 569 1793 Sobaeler
593 1744 721 1790 eorum
757 1743 889 1790 novem
926 1724 1129 1792 numeravit
1159 1725 1393 1820 putavitque,
1421 1747 1466 1794 ex
1499 1719 1700 1793 ventriculo
1735 1741 1798 1787 ecs
1829 1716 1954 1787 venire
1980 1725 2017 1784 ot
2042 1711 2144 1784 illum

355 1870 520 1938 succum,
545 1868 620 1940 quo
646 1856 738 1914 testa
760 1867 890 1914 recens
913 1859 1185 1938 procrearetur,
1210 1843 1412 1916 secernere.
1465 1841 1611 1916 Gaede
1637 1853 1674 1912 et
1696 1834 1916 1910 Berthold
1937 1836 2032 1908 hanc
2060 1835 2145 1931 qui·

355 1967 442 2040 dem
467 1967 682 2063 opinionem
708 1964 952 2038 emendarunt
985 1979 1023 2037 et
1046 1967 1188 2038 canales
1222 1967 1301 2038 illos
1334 1991 1417 2041 rasa
1439 1965 1641 2064 sanguiiera
1666 1985 1743 2035 esse
1768 1937 2042 2058 cognorerunt,
2080 1955 2148 2029 sed

356 2106 439 2164 ooto
465 2095 608 2162 tantum
634 2087 808 2162 viderunt
836 2103 872 2159 et
899 2087 1056 2161 Gaede
1083 2089 1235 2186 quidem
1263 2091 1306 2160 iis
1330 2115 1443 2167 uuum
1473 2088 1586 2161 modo
1613 2111 1673 2160 ras
1699 2091 1829 2184 quater
1854 2086 2026 2157 rollenum
2050 2107 2143 2155 con·

335 2215 468 2308 ¹stitui,
493 2212 721 2286 Berthold
746 2226 868 2284 autem
893 2212 968 2284 duo
993 2237 1076 2286 vasa
1101 2215 1277 2312 componi
1304 2214 1535 2307 existimavit,
1558 2237 1718 2310 quorum
1744 2213 1896 2282 alterum
1923 2233 2006 2281 oum
2034 2204 2147 2280 eorde

356 2340 595 2411 coniunctum
618 2350 725 2430 esset,
748 2338 901 2408 alterum
927 2337 1227 2433 profundioribus
1248 2338 1414 2433 corporis
1439 2361 1460 2408 e
1485 2337 1650 2433 partibus
1675 2333 1897 2406 ascenderet

454 2461 547 2534 Nulli
579 2460 714 2533 horum
747 2461 965 2557 scriptorum
1002 2461 1156 2532 omnino
1184 2461 1345 2531 assentiri
1380 2477 1572 2555 possum·
1601 2460 1764 2530 Primum
1799 2454 1901 2552 quod
1927 2454 2062 2528 borum
2085 2475 2147 2524 on·

355 2585 492 2656 nalium
527 2584 575 2656 ad
611 2608 804 2656 numerum
833 2585 980 2677 attinet,
1016 2609 1093 2655 non
1125 2597 1165 2656 ut
1201 2582 1347 2655 Gaede
1379 2597 1416 2654 et
1449 2580 1665 2654 Berthold
1690 2585 1719 2666 *l
1754 2577 1983 2652 contendunt
2018 2588 2146 2648 contra

356 2707 676 2802 Schaeierum,
702 2723 786 2781 octo
808 2710 950 2781 canales
976 2708 1042 2781 sed
1067 2731 1191 2778 revera
1218 2729 1351 2776 novem
1374 2717 1478 2798 sunt,
1511 2705 1567 2776 vel
1596 2717 1637 2775 ut
1658 2705 1775 2775 verius
1800 2701 1940 2795 dicam,
1966 2698 2144 2796 quinque.

354 2811 495 2902 llledius
521 2831 620 2902 enim
645 2825 774 2902 corum
802 2832 896 2929 (th.
908 2830 936 2904 I.
949 2829 997 2905 II.
1009 2829 1124 2913 X.c¹.l
1151 2829 1242 2898 latus
1265 2852 1309 2897 ex
1334 2850 1491 2922 corpore
1517 2828 1557 2899 in
1580 2840 1721 2898 scutum
1748 2825 1931 2918 ascendit,
1965 2847 2051 2895 mox
2077 2847 2143 2894 au·

355 2965 432 3024 tem
458 2953 572 3050 magis
599 2967 802 3026 coarctatur
827 2967 863 3024 et
888 2937 1113 3024 extremitate
1136 2967 1247 3031 ,caeca
1273 2952 1498 3022 terminatur.
1549 2951 1670 3044 Prope
1693 2949 1794 3020 bunc
1818 2961 1891 3018 tres
1915 2947 1975 3019 alii
2003 2947 2168 3019 canales-

356 3075 461 3162 libid.
489 3077 665 3162 οἴσω.)
700 3074 923 3170 decurrunt,
960 3076 1077 3172 planis
1103 3073 1371 3170 dissepimentis
1397 3073 1492 3144 inter
1516 3096 1554 3142 se
1580 3069 1775 3162 disiuncti,
1811 3071 1875 3167 qui
1902 3071 1998 3144 circa
2027 3082 2144 3142 extre-

358 3201 523 3272 mitatem
550 3198 663 3272 medii
688 3223 727 3270 se
751 3201 901 3271 flectunt
927 3211 963 3270 et
987 3223 1030 3272 ex
1054 3199 1165 3270 altera
1191 3211 1293 3294 parte
1318 3196 1434 3268 lurius.
1452 3194 1584 3266 eodem
1610 3193 1725 3265 modo
1753 3206 1959 3287 recurrunt,
1985 3192 2146 3289 denique

359 3321 491 3395 adultis
514 3324 551 3394 iu
577 3323 794 3394 animalibus
820 3336 918 3394 extra
943 3295 1012 3393 lios
1039 3322 1188 3418 quintus
1214 3321 1347 3392 canalis
1373 3319 1511 3418 (iugi.
1528 3318 1645 3402 liet)
1672 3318 1871 3413 reperitur,
1898 3317 1962 3413 qui
1989 3316 2149 3389 eundem

361 3445 514 3542 quidem
540 3470 685 3516 cursum
712 3446 968 3540 persequitur,
1002 3445 1182 3514 exteriore
1204 3456 1325 3513 autem
1351 3455 1659 3537 pertenentem
1685 3457 1784 3514 certo
1810 3439 1949 3538 pariete
1975 3442 2149 3516 termina·

359 3582 431 3662 tur,
456 3567 522 3639 sed
545 3568 681 3638 sensim
707 3566 746 3637 in
773 3585 926 3637 massam
955 3566 1162 3638 cellulosam
1189 3564 1388 3635 branchiae
1413 3565 1612 3638 transit.·-
1630 3565 1777 3636 Praeter
1798 3565 1868 3636 hos
1893 3564 2037 3636 canales
2060 3563 2150 3636 alius

359 3693 492 3788 impar,
517 3692 582 3790 qui
608 3690 729 3763 adbuc
752 3713 902 3786 prorsus
927 3684 1108 3786 neglectus
1125 3711 1201 3759 esse
1225 3687 1381 3784 ridetur,
1408 3690 1446 3761 in
1462 3701 1565 3762 scuto
1581 3689 1774 3762 invenitur.
1801 3687 2149 3789 Hicllli‘gddlc'.)

358 3817 400 3888 in
425 3815 523 3886 linea
547 3813 717 3886 mediana
742 3813 835 3884 scuti
860 3811 1033 3904 decurrit,
1057 3811 1121 3882 ubi
1148 3809 1242 3881 duae
1269 3823 1389 3906 partes
1413 3811 1576 3884 laterales
1601 3812 1826 3887 conveniunt
1852 3824 1888 3896 et
1910 3835 2020 3908 supra
2044 3811 2151 3883 crista
2236 3805 2240 3814 ’

359 3939 452 4010 scuti
478 3937 611 4008 dorsali
639 3937 822 4010 eminente
849 3936 994 4013 obtecta
1020 3947 1083 4006 est.
1141 3933 1223 4006 Non
1245 3947 1317 4008 tam
1345 3935 1452 4030 plane
1479 3933 1630 4038 quidem
1658 3959 1769 4031 quam
1796 3934 1909 4006 ceteri
1932 3933 1995 4006 bie
2018 3935 2151 4008 canalis

361 4083 548 4158 expressus
574 4073 638 4152 est,
665 4073 833 4130 nectam
860 4061 966 4132 certis
991 4058 1191 4154 parietibus
1214 4057 1443 4150 terminatur,
1471 4069 1763 4154 temperantem
1790 4058 1828 4130 in
1855 4083 1900 4130 eo
1927 4056 2046 4130 maior
2066 4081 2151 4130 san·

359 4185 479 4281 guinis
504 4183 682 4280 coagulati
708 4183 817 4278 copia
837 4183 1027 4277 reperitur.

462 4307 634 4380 Consulto
659 4329 750 4378 roee
776 4299 965 4399 „canales“
992 4327 1076 4375 usus
1100 4327 1193 4396 sum,
1219 4303 1307 4401 quia
1332 4317 1484 4400 propter
1508 4304 1639 4376 harum
1666 4305 1824 4400 partium
1851 4316 2067 4377 structuram
2088 4327 2151 4376 va-

361 4455 483 4504 sorum
511 4452 650 4502 nomen
676 4453 753 4500 non
779 4441 904 4524 aptum
932 4451 1008 4498 esse
1032 4425 1187 4498 ridetur.
1240 4427 1279 4497 ln
1307 4427 1480 4514 omnibus
1506 4427 1604 4498 enim
1626 4427 1683 4498 bis
1708 4427 1894 4500 canalibus
1918 4427 2063 4524 proprii
2085 4452 2153 4523 pa·

359 4550 469 4622 rietes
493 4548 770 4642 desiderantur,
809 4561 845 4620 et
874 4548 1175 4644 dissepimenta
1167 4550 1210 4620 ris
1237 4549 1425 4622 interiecta
1459 4549 1622 4622 lamellae
1649 4562 1791 4622 tantum
1824 4551 2043 4626 tenerrimae
2067 4564 2151 4624 suot

361 4672 475 4768 ipsius
501 4695 639 4742 massae
664 4671 894 4744 bracchialis.
919 4669 1059 4744 Medius
1083 4686 1223 4744 tantum
1249 4673 1381 4745 canalis
1407 4670 1482 4746 iere
1505 4671 1552 4746 ad
1572 4673 1716 4746 tertiam
1734 4698 1852 4772 usque
1870 4687 2012 4772 partem
2034 4701 2152 4750 mem·

361 4797 485 4872 brana
503 4795 675 4894 peculiari
702 4794 939 4867 circumcludi
965 4793 1108 4868 ridetur
1133 4795 1229 4897 (Frg.
1240 4797 1290 4918 Χ
1303 4802 1362 4882 α..)

361 4918 653 4938 *m-—t-ffl

420 4963 608 5046 *)l⁴'iguro,
642 4981 698 5044 qua
719 4961 825 5025 horum
848 4959 995 5024 canalium
1022 4961 1181 5026 decursum
1204 4963 1329 5028 illustrat
1350 4965 1387 5029 cl
1409 4963 1606 5030 Berthold
1640 4963 1675 5042 [l.
1700 4983 1726 5029 c.
1758 4965 1831 5031 l'ab.
1847 4965 1909 5030 llll
1930 4967 1982 5050 fig.
1997 4969 2048 5048 15
2078 4969 2152 5032 salis

487 5057 605 5150 quidem
631 5068 754 5130 balmae
777 5075 981 5164 consentanea
1005 5077 1060 5146 est,
1081 5070 1172 5134 niodo
1196 5072 1264 5135 illac
1284 5081 1405 5155 partes,
1428 5073 1533 5155 quibus
1555 5091 1629 5139 rasa
1649 5075 1813 5160 signillcari
1835 5077 1897 5140 vult
1917 5075 2065 5160 scriptor,
2087 5075 2153 5142 dtr-

487 5180 662 5263 sepimenta,
684 5155 797 5241 contra
814 5177 906 5241 striae
927 5175 1106 5243 interiectae
1127 5177 1257 5263 abidae,
1279 5199 1355 5247 vasa
1376 5181 1589 5266 intelligantur.
1693 5181 1697 5190 ’
