4748 6000
1122 641 1372 738 ..52...'

365 858 535 929 boiorum
561 859 766 950 minorum,
799 879 921 953 neque
949 856 989 928 in
1017 856 1157 930 maiore
1180 854 1301 928 fistula
1320 852 1579 950 dissepimenta
1604 859 1855 955 reperiuntur,
1887 873 1929 932 ut
1950 883 1994 931 ex
2018 860 2148 934 barum

366 978 523 1073 partium
547 976 792 1074 descriptione
827 971 1097 1075 Schaellcri·
1118 976 1156 1066 (l.
1182 1002 1215 1050 c.
1231 1001 1267 1073 p.
1289 980 1361 1062 80.)
1398 976 1672 1074 intelligendum
1705 977 1866 1052 videtum·
1924 981 2022 1054 lntes·
2043 983 2150 1056 caula

365 1106 403 1174 in
430 1102 546 1174 fistula
572 1104 638 1174 sita
664 1100 848 1173 interdum
874 1124 1028 1172 massam
1055 1098 1241 1197 quandam
1267 1100 1386 1196 reperi
1407 1099 1560 1196 griseam
1584 1116 1620 1172 et
1641 1102 1863 1200 coagulatam
1889 1107 2027 1187 (semen
2046 1105 2149 1177 uirile

365 1223 540 1318 forsitan),
565 1251 638 1322 qua
666 1225 772 1297 ovula
796 1225 865 1296 sibi
892 1223 996 1296 valde
1019 1221 1313 1319 appropinquata
1335 1222 1467 1292 arctius
1491 1223 1687 1296 coniuncta
1713 1238 1826 1298 erant.

369 1403 374 1411 .
458 1349 557 1421 Alius
583 1373 735 1445 quoque
761 1347 1023 1421 observationis
1048 1345 1230 1418 hocloco
1261 1345 1402 1416 mentio
1435 1344 1599 1418 facienda
1632 1361 1696 1418 est.
1746 1348 1783 1423 Si
1815 1349 1963 1421 tubulos
1996 1351 2148 1447 aliquot,

247 1517 252 1523 -
361 1471 467 1542 orula
493 1473 653 1543 recentia
675 1493 717 1543 ac
750 1493 854 1542 rosea
886 1470 1138 1560 continentes,
1170 1491 1265 1563 aqua
1296 1466 1461 1562 perfusos
1486 1468 1738 1565 ⁴microscopio
1771 1471 2030 1565 subiiciebam,
2063 1495 2148 1546 mox

359 1594 501 1666 vitellus
524 1595 597 1666 cito
621 1617 664 1665 ac
688 1593 924 1664 vehementer
946 1592 1172 1662 tumescebat
1195 1604 1233 1660 et
1246 1589 1382 1684 subito,
1405 1603 1580 1686 tanquam
1595 1579 1844 1688 tegumentum
1859 1593 2048 1690 quoddam
2065 1621 2150 1692 per·

359 1715 532 1811 fringens,
555 1739 696 1788 summa
721 1716 754 1785 vi
781 1739 823 1784 ex
837 1727 982 1786 tumore
1006 1712 1124 1784 tubuli
1145 1712 1299 1808 globoso
1327 1711 1366 1783 in
1386 1712 1485 1783 hunc
1498 1713 1616 1807 ipsum
1632 1715 1915 1809 propellebatur,
1927 1739 2044 1813 usque
2059 1715 2148 1791 dum

263 1860 269 1868 ·
361 1838 557 1911 dimidium
583 1839 656 1910 lere
681 1837 776 1909 illius
800 1849 1012 1910 evacuabam
1046 1847 1148 1907 esset.
1207 1832 1319 1908 Citius
1352 1835 1461 1906 etiam
1495 1849 1532 1906 et
1562 1836 1815 1911 vehementius
1846 1839 1927 1912 hoc.
1951 1841 2089 1935 evenit,
2119 1842 2147 1912 si

358 1987 428 2056 pro
454 1987 549 2057 aqua
574 1962 648 2032 vini
672 1960 820 2056 spiritus
846 1958 1032 2031 adhibitus
1054 1972 1140 2031 erat.
1190 1958 1269 2030 Hoc
1295 1958 1583 2054 experimentum
1612 1959 1770 2054 primum
1798 1960 1951 2060 quidem
1966 1963 2149 2058 praeclare

356 2082 517 2155 ostendit
542 2097 756 2156 structuram
781 2105 975 2178 gratiosam
1000 2081 1132 2174 vitelli,
1167 2095 1203 2152 et
1232 2080 1381 2177 granula
1416 2081 1555 2178 singula
1586 2083 1838 2180 magnitudine
1865 2083 1938 2154 lere
1964 2087 2147 2182 sangsrinis

354 2208 654 2304 corpusculorum
689 2231 765 2278 esse
796 2204 1034 2296 videbantur,
1066 2217 1145 2274 tum
1178 2215 1299 2275 autem
1328 2201 1402 2273 hoc
1433 2205 1684 2299 experimento
1710 2206 1794 2276 satis
1820 2206 1912 2278 mihi
1938 2229 2148 2301 persuasum

354 2344 425 2424 est,
460 2330 621 2402 vitellum
648 2330 861 2400 membrana
886 2327 1036 2424 propria
1069 2326 1280 2396 conclusum
1312 2347 1409 2418 esse,
1443 2349 1537 2420 quae
1569 2352 1645 2400 non
1678 2352 1796 2424 aeque
1827 2351 1870 2400 ae
1901 2328 2041 2400 vitellus
2072 2331 2149 2427 ipse

353 2475 450 2550 aqua
475 2451 699 2526 extendatur.
769 2449 936 2523 Ceterum
966 2448 1107 2532 vitellos
1134 2437 1272 2544 Apodis
1296 2446 1366 2518 hac
1392 2471 1452 2540 re,
1486 2448 1590 2543 quod
1611 2450 1650 2520 in
1675 2474 1771 2546 aqua
1796 2462 1832 2522 et
1856 2451 1894 2521 in
1920 2451 1996 2522 vini
2021 2452 2150 2548 spiritu
2202 2509 2207 2518 .

351 2576 535 2670 tumescit,
563 2576 717 2646 omnino
744 2561 865 2646 differs
889 2573 935 2645 ab
961 2557 1098 2646 Astaci
1125 2594 1279 2644 ovorum
1305 2561 1441 2663 vitello,
1466 2571 1544 2674 qui,
1570 2585 1610 2644 ut
1638 2574 1842 2648 observavit
1857 2574 1911 2646 lll.
1926 2573 2148 2668 statutae,

352 2697 410 2768 his
436 2698 476 2769 in
500 2697 707 2794 liquoribus
732 2695 900 2768 durescit

301 2813 310 2824 ’
453 2818 655 2891 Undecimo
683 2821 721 2890 in
747 2819 912 2915 corporis
937 2817 1072 2888 annulo
1096 2813 1215 2888 fistula
1240 2817 1362 2888 media
1387 2841 1597 2913 processum
1624 2821 1698 2890 sive
1724 2821 1885 2894 canalem
1913 2821 2022 2892 latum
2039 2823 2148 2894 emit-

352 2945 409 3036 tit,
435 2943 501 3040 qui
526 2942 660 3018 sensim
687 2931 888 3014 coarctatus
913 2941 1007 3012 inter
1032 2939 1215 3010 musculos
1238 2939 1401 3011 laterales
1427 2954 1464 3012 et
1486 2943 1663 3014 ventrales
1686 2943 1723 3012 in
1749 2939 1986 3014 undecimum
2012 2941 2146 3039 pedem

352 3067 544 3163 utriusque
570 3065 691 3138 lateris
716 3077 881 3161 penetrat
904 3076 940 3136 et
960 3085 1079 3158 prope
1103 3062 1171 3132 sub
1203 3085 1292 3134 coxa
1319 3061 1358 3133 in
1390 3073 1493 3155 parte
1527 3059 1631 3155 pedis
1664 3061 1867 3157 posteriore
1901 3063 1972 3134 exit
2005 3061 2145 3146 (Tabl.

352 3189 429 3290 Fig
440 3182 518 3260 IV.
536 3188 581 3262 0.
607 3187 651 3260 cl.
673 3185 873 3274 Schaell.
898 3185 1056 3258 Tantv.
1086 3185 1157 3279 Fig.
1172 3187 1308 3280 lll.g.l.
1350 3183 1455 3254 Hunc
1478 3206 1545 3278 per
1570 3183 1733 3254 canalem
1761 3183 1866 3256 ovula
1891 3183 1931 3254 in
1956 3183 2054 3257 illam
2085 3209 2146 3257 ca-

353 3315 493 3408 psulam
526 3312 696 3404 veniunt,
731 3333 803 3407 qua
829 3307 966 3406 pedum
993 3305 1227 3388 undecimum
1253 3329 1321 3402 par
1344 3305 1559 3377 instructum
1584 3320 1637 3377 est
1659 3312 1703 3390 (v.
1720 3313 1749 3388 §.
1768 3314 1835 3400 1.),
1864 3305 1929 3378 sed
1956 3305 2139 3380 orificium

351 3433 485 3504 canalis
510 3433 604 3503 illius
631 3445 821 3502 externum
848 3455 924 3501 non
949 3430 1027 3525 ipsa
1053 3428 1091 3499 in
1117 3426 1187 3500 hac
1212 3429 1370 3524 capsula,
1395 3426 1460 3499 sed
1485 3451 1594 3523 supra
1619 3451 1698 3500 eam
1725 3428 1835 3500 situm
1861 3444 1925 3502 est.
1978 3431 2140 3503 Forsitan

349 3568 391 3625 ut
412 3554 549 3626 facilius
576 3553 681 3625 orula
707 3553 947 3648 expellantur,
974 3550 1127 3622 musculi
1153 3549 1224 3642 illi,
1249 3551 1314 3645 qui
1341 3551 1504 3621 orarium
1529 3553 1631 3622 lateri
1658 3549 1824 3648 adigunt,
1850 3551 2031 3647 efficiunt,
2058 3577 2141 3626 nam

349 3673 498 3748 fistulae
517 3676 730 3748 membrana
764 3675 843 3770 ipsa
871 3672 991 3743 tenuis
1028 3685 1082 3742 est
1097 3653 1151 3741 'et
1176 3671 1439 3742 muscularibus
1475 3671 1578 3744 fibris
1609 3697 1732 3746 carere
1765 3672 1920 3746 ridetur.
1972 3673 2141 3748 Ceterum

351 3797 533 3871 orificium
561 3813 749 3872 externum
776 3794 891 3884 modo
918 3817 1066 3892 prorsus
1090 3806 1278 3890 apertum,
1309 3793 1423 3866 modo
1459 3808 1549 3868 testa
1585 3821 1718 3870 cornea
1752 3813 1789 3869 et
1814 3812 1886 3870 tam
1914 3798 2028 3871 solida
2051 3821 2142 3872 con-

207 3965 218 3976 .
324 3921 489 3992 'elusum
517 3932 582 4013 est,
607 3934 646 3989 ut
671 3917 817 3990 difficile
845 3919 1056 4015 reperiatur.

449 4041 603 4136 Propria
628 4042 733 4136 igitur
755 4040 876 4112 oraria
901 4037 1051 4134 Apodls,
1077 4040 1115 4108 in
1142 4037 1276 4134 quibus
1302 4038 1407 4110 ovula
1432 4055 1683 4135 procreantur,
1709 4044 1951 4116 extremitates
1975 4056 2058 4116 sunt
2082 4057 2142 4114 tu·

352 4167 523 4238 boloium
551 4164 759 4254 minorum,
798 4160 838 4232 hi
865 4161 981 4232 tubuli
1008 4161 1077 4256 ipsi
1106 4173 1190 4265 sunt
1216 4157 1406 4232 oriductus
1431 4163 1506 4233 sive
1530 4164 1641 4235 tubae
1651 4217 1663 4257 ,
1699 4166 1734 4236 in
1762 4166 1897 4262 quibus
1923 4166 2028 4238 orula
2052 4177 2141 4236 testa

351 4305 496 4360 esterna
522 4287 751 4388 vestiuntur,
784 4283 890 4355 etad
917 4283 1075 4354 fistulam
1102 4281 1278 4354 maiorem
1310 4280 1552 4358 deducuntur.
1603 4261 1697 4366 llaec
1724 4287 1875 4383 quidem
1901 4311 1984 4384 pars
2009 4285 2141 4370 otidu-

351 4424 450 4480 ctum
477 4431 713 4480 communem
741 4405 868 4498 relect,
901 4405 965 4501 qui
997 4403 1118 4474 multis
1149 4403 1188 4475 in
1210 4403 1356 4475 Insectis
1381 4407 1580 4500 reperitur,
1610 4433 1728 4504 quum
1755 4423 1876 4484 autem
1903 4409 1940 4480 in
1964 4433 2007 4480 ea
2035 4409 2140 4480 ovula

349 4531 485 4602 diutius
510 4543 682 4602 maneant
703 4541 739 4598 et
763 4527 837 4598 hoc
863 4525 1010 4598 demum
1039 4527 1120 4597 loco
1147 4525 1292 4620 impleri
1316 4525 1518 4622 videantur,
1544 4531 1672 4604 melius
1692 4544 1816 4603 uterus
1839 4529 1913 4602 sive
1927 4543 2139 4626 receptacu-

348 4652 424 4722 lum
452 4674 605 4721 ororum
632 4651 814 4720 internum
843 4647 1025 4718 nominari
1050 4659 1181 4742 potest.
1218 4649 1386 4744 Denique
1412 4652 1565 4744 canalis,
1588 4653 1652 4748 qui
1679 4652 1839 4727 elistula
1865 4653 2005 4725 maiore
2031 4653 2139 4727 emis·

343 4799 404 4864 sus
429 4776 467 4847 in
493 4772 589 4870 pede
613 4771 811 4844 undecimo
840 4771 924 4861 exit,
945 4769 1074 4864 ragina
1101 4781 1164 4839 est.
1203 4768 1346 4858 Quibus
1372 4772 1545 4846 omnibus
1569 4773 1732 4872 partibus
1755 4774 2023 4872 receptaculum
2049 4797 2141 4869 oro-¹

342 4925 422 4975 rum
451 4911 640 4968 externum
666 4892 877 4970 adiunctum
904 4905 967 4962 est.

348 5075 383 5090 p..
399 5066 642 5092 ..pannones-⁸⁴0.-

409 5167 446 5244 *)
467 5159 739 5240 Uolersuelrungcn
761 5154 837 5218 tiber
858 5152 907 5218 die
930 5149 1058 5232 Bildung
1078 5151 1139 5216 und
1160 5153 1372 5236 Entwiclslung
1397 5156 1454 5218 des
1475 5157 1695 5220 Flusskrebses.
1719 5157 1817 5215 Leton.
1840 5157 1927 5222 Voss·
1956 5153 2042 5218 1899.
2059 5173 2087 5216 τ’.
2106 5155 2136 5217 ὃ.
