4748 6000
336 855 453 915 otatur
478 841 574 943 (Fig.
592 842 664 928 ltt.
700 837 922 917 Membrone
948 845 1095 916 interno
1120 840 1278 927 (stiur.)
1305 864 1402 912 nune
1427 837 1638 935 embryonis
1663 839 1828 935 corporis
1854 838 1991 910 lormae
2015 841 2122 936 plane

336 966 614 1038 accommodata
640 979 704 1059 est,
730 978 767 1036 et
792 963 1040 1062 magnitudine
1061 951 1175 1036 'ovum
1199 965 1314 1036 multo
1341 975 1497 1060 snper-at.
1533 957 1759 1062 Embryonis
1782 983 1915 1058 corpus
1941 974 2047 1034 ovata
2072 976 2126 1034 est

334 1086 464 1179 lorma,
490 1111 645 1183 opacum
668 1101 704 1158 et
729 1087 836 1159 oculo
864 1087 966 1182 nigro
994 1085 1209 1157 instructum
1236 1085 1337 1170 (ibid.
1367 1085 1433 1166 0.).
1485 1081 1602 1155 Pedes
1628 1084 1798 1156 natatorii
1825 1081 1927 1166 (ibid.
1948 1083 2016 1174 Bt,
2041 1084 2126 1156 setis

338 1210 528 1302 instructi,
558 1222 594 1281 et
619 1212 784 1306 corporis
808 1211 981 1282 lateribus
1006 1207 1127 1282 adbuc
1152 1209 1438 1306 appropinquasti
1463 1209 1509 1280 ab
1539 1194 1686 1282 animali
1719 1207 1895 1282 continuo
1921 1221 2127 1300 moventur,

342 1330 444 1426 quod
470 1346 511 1403 ut
535 1333 703 1406 ultimum
735 1333 962 1405 involuerum
996 1331 1216 1430 perfringat,
1256 1332 1428 1404 omnibus
1463 1332 1600 1403 viribus
1630 1331 1775 1403 nititur·
1818 1330 1956 1403 'lamen
1981 1330 2151 1426 quoties,

337 1453 434 1524 hanc
460 1455 704 1526 evolutionem
734 1456 939 1548 observavi,
964 1455 1098 1527 animal
1125 1456 1194 1526 hac
1216 1456 1256 1528 iu
1280 1434 1493 1526 conditione
1520 1455 1726 1550 complures
1749 1479 1816 1552 per
1831 1455 1941 1526 horas
1966 1467 2028 1526 aut
2050 1453 2125 1526 diei

338 1601 405 1674 per
430 1576 626 1649 dimidium
653 1579 806 1671 mansit,
842 1577 963 1650 donee
986 1577 1136 1650 tandem
1171 1577 1385 1648 membrana
1418 1577 1511 1648 rima
1533 1577 1756 1649 transversali
1783 1591 1907 1674 aperta
1933 1591 2011 1669 est,
2048 1599 2124 1672 quo

334 1699 429 1772 laeto
455 1699 545 1772 illud
570 1700 691 1774 statim
715 1699 873 1797 pedibus
899 1701 1086 1776 natatoriis
1111 1700 1264 1774 sortibus
1292 1715 1398 1772 utens
1430 1700 1524 1772 laete
1554 1699 1593 1770 in
1620 1722 1715 1797 aqua
1747 1712 1872 1772 natare
1909 1701 2042 1796 coepit.
2075 1741 2125 1760 -

334 1821 447 1894 Huius
474 1822 697 1896 conditionis
724 1823 842 1912 fietus
868 1823 1094 1895 mentionem
1120 1822 1272 1922 quidem
1298 1847 1374 1896 non
1400 1821 1747 1915 leoitS'chaeller,
1773 1846 1888 1918 quum
1912 1845 1999 1894 vero
2027 1845 2125 1894 scm-

323 1968 403 2040 ·per
427 1969 448 2017 a
474 1970 533 2018 me
560 1947 748 2018 observata
773 1945 831 2038 sit,
858 1925 894 2016 et
918 1968 1001 2016 cum
1028 1969 1072 2016 eo
1096 1970 1296 2043 congruere
1322 1944 1510 2037 videatur,
1535 1944 1639 2042 quod
1664 1945 1705 2016 in
1730 1946 1939 2018 evolutione
1962 1945 2126 2019 Lernen-

335 2065 472 2140 dorum
495 2066 724 2164 quarundam
760 2067 962 2138 observavit
986 2065 1256 2142 Nordmanu
1276 2071 1330 2162 ⁸),
1367 2067 1554 2164 propriam
1593 2067 1625 2138 ei
1660 2079 1800 2162 partem
1835 2067 1874 2138 in
1909 2067 2126 2140 evolationis

335 2189 487 2262 historia
509 2188 742 2264 tribuendam
769 2213 847 2262 esse
872 2188 1007 2285 putavi.

341 2605 396 2656 At
417 2607 591 2656 ontiuolts
610 2563 657 2657 en
671 2611 741 2656 ‘ovo
758 2617 952 2670 progressu
968 2615 1087 2668 usque
1105 2601 1156 2654 orl
1173 2601 1425 2654 evolutionem
1443 2601 1645 2664 primorum
1663 2600 1805 2663 posim
1818 2601 2125 2655 abdominum

1023 2764 1081 2818 ru.
1100 2764 1147 2818 rv.
1176 2763 1231 2833 vu.
1252 2763 1338 2817 rrr-
1353 2762 1427 2815 vrrr.

358 2993 359 2998 ¹
438 2967 468 3042 t.
491 2956 551 3033 42.
602 2958 713 3060 Apus
734 2959 902 3034 iuvenilis
928 2959 1026 3059 (Fig.
1047 2959 1154 3053 tlt),
1181 2960 1211 3031 si
1237 2983 1281 3060 ex
1306 2961 1365 3034 ovi
1391 2963 1613 3056 membranis
1638 2985 1845 3062 progressus
1871 2975 1945 3055 est,
1977 2964 2125 3036 animali

338 3079 462 3156 adulto
485 3081 694 3154 vixsimilis
719 3094 782 3152 est.
819 3079 951 3152 Totum
980 3081 1057 3153 eius
1084 3103 1216 3177 corpus
1241 3093 1294 3152 est
1319 3082 1442 3154 colore
1467 3107 1587 3176 roseo,
1613 3082 1729 3155 forma
1756 3095 1872 3175 ovata,
1898 3083 2125 3158 extremitate

337 3205 541 3303 posteriore
563 3202 760 3276 rotundatu
784 3203 839 3275 vel
864 3203 1012 3299 paulum
1036 3216 1178 3275 tantum
1206 3204 1426 3301 emarginata
1448 3231 1492 3279 eo
1518 3208 1622 3301 loco,
1648 3231 1723 3304 quo
1750 3203 1839 3277 anus
1865 3203 1968 3290 (ibid.
2000 3205 2052 3290 T.)
2077 3206 2126 3275 si-

337 3339 395 3398 tus
422 3341 484 3397 est.
535 3324 657 3399 Pedes
681 3321 935 3398 abdominoles
960 3324 1048 3396 nulli
1074 3326 1348 3421 conspiciuntur
1372 3341 1408 3400 et
1434 3329 1588 3402 obscure
1619 3343 1762 3401 tautum
1789 3329 1826 3400 in
1853 3324 2034 3399 anteriore
2060 3327 2127 3397 ab·

339 3445 500 3518 dominis
524 3461 626 3543 parte
648 3445 772 3534 annuli
798 3443 949 3542 quidam
975 3445 1140 3518 incisuris
1166 3469 1295 3543 parum
1319 3449 1510 3545 profundis
1536 3451 1794 3550 significantur.
1844 3447 1995 3524 Scotum
2015 3450 2127 3520 breve

339 3571 504 3666 corporis
529 3567 725 3641 dimidium
748 3581 890 3640 tantum
915 3567 1004 3663 tegit
1030 3580 1066 3637 et
1092 3592 1215 3665 margo
1243 3572 1320 3642 eius
1345 3573 1527 3670 posterior
1550 3599 1679 3671 pamm
1707 3574 1947 3670 emarginatus
1973 3585 2036 3643 est.
2057 3582 2062 3597 “
2084 3570 2126 3643 ln

341 3692 645 3788 cephalothoraoe
669 3689 745 3764 duo
766 3687 902 3790 pedum
925 3691 1038 3789 paria
1060 3690 1344 3786 conspiciuntur.
1396 3693 1518 3769 Pedes
1542 3700 1749 3774 anteriores
1774 3693 1875 3780 (ibid.
1900 3693 1966 3779 A.)
1993 3706 2029 3766 et
2055 3692 2142 3797 mi-¹

339 3839 449 3886 nores
473 3838 493 3885 e
518 3827 608 3886 testa
632 3811 788 3886 dimidio
815 3812 990 3907 eminent,
1016 3827 1051 3886 et
1075 3814 1192 3886 tribus
1217 3816 1312 3910 setis,
1338 3814 1480 3890 duabus
1503 3818 1752 3914 longioribus,
1776 3840 1849 3888 una
1874 3815 2042 3888 breviore
2064 3837 2129 3886 co-

344 3938 464 4008 ronati
489 3950 584 4010 sunt.
624 3936 865 4034 Reperiuntur
890 3933 930 4008 hi
956 3935 1070 4032 pedes
1092 3937 1132 4009 in
1156 3937 1286 4011 adultis
1311 3962 1463 4037 quoquc
1485 3939 1713 4033 animalibus,
1732 3936 1796 4010 sed
1822 3935 1974 4012 marcidi
2000 3947 2036 4007 et
2059 3936 2130 4008 im·

224 4135 229 4150 ‚
342 4060 494 4154 minuti,
532 4084 605 4157 qua
630 4083 670 4129 re
696 4083 716 4130 a
741 4059 907 4154 plurimis
931 4059 1169 4154 scriptoribus
1194 4074 1375 4133 antennae
1401 4061 1581 4133 nominati
1608 4075 1701 4134 sunt.
1761 4061 1883 4138 Pedes
1904 4063 2131 4159 posteriores

343 4179 446 4262 (ibid.
474 4183 544 4276 Bu,
569 4183 638 4253 illis
663 4181 832 4278 proximi,
857 4180 1085 4277 longitudine
1107 4193 1237 4254 totum.
1252 4207 1390 4279 corpus¹
1407 4199 1580 4281 superant
1605 4185 1929 4282 compluribusque
1955 4182 2040 4253 setis
2065 4203 2131 4252 na·

343 4306 485 4376 tatoriis
510 4305 673 4377 instructi
699 4317 793 4375 sunt.
844 4303 924 4377 Non
951 4305 1079 4399 procul
1105 4329 1125 4376 a
1151 4305 1313 4403 margine
1339 4305 1467 4404 eapitis
1489 4307 1672 4378 anteriore
1699 4317 1782 4378 ante
1807 4303 2016 4375 intestinum
2039 4323 2131 4373 ocu·

327 4428 407 4503 lus
433 4429 533 4524 niger
559 4441 594 4500 et
619 4422 796 4499 rotundus
823 4405 1056 4522 conspicitur.
2131 4507 2135 4514 Ι

442 4555 473 4630 t.
497 4543 558 4620 43.
609 4548 720 4620 Paulo
746 4559 889 4618 tanturn
916 4547 1049 4618 animal
1074 4545 1171 4648 (Εἰς.
1190 4547 1296 4644 W),
1321 4561 1517 4648 postquam
1543 4549 1655 4622 semel
1680 4561 1801 4622 cutem
1825 4544 2023 4644 deposuit,
2047 4566 2130 4618 nu·

346 4684 462 4744 tatum
486 4684 556 4766 est,
582 4690 714 4766 corpus
738 4670 850 4766 magis
871 4666 1118 4766 pellucidum,
1145 4683 1181 4744 et
1200 4673 1384 4770 posterior
1409 4673 1486 4745 eius
1508 4694 1593 4770 pars
1619 4671 1733 4768 magis
1761 4683 1968 4765 attenuata,
1994 4691 2037 4742 ex
2060 4691 2133 4766 qua

350 4881 637 4897 --.--——---.--—-

412 5024 448 5102 ⁵)
471 5021 750 5104 ttitrograpbiscbe
777 5023 919 5109 Beitrtgo
947 5041 1002 5092 zer
1023 5025 1292 5111 semenstrem
1325 5025 1382 5092 der
1411 5024 1602 5092 wirbetssen
1633 5024 1752 5090 Thiere.
1786 5021 1896 5088 Berlin.
1922 5018 2012 5086 ¹839.
2044 5017 2075 5080 P.
2097 5016 2132 5088 lt

361 5187 368 5194 .
473 5129 545 5194 (lab.
566 5129 616 5194 lv.
