4786 6002
1092 591 1362 732 ...qe-..¹

331 871 448 924 massa
473 849 635 946 quadam
654 853 763 950 'nigra
788 847 892 938 (ibid.
915 853 966 948 ρ.)
983 841 1237 922 'circumdatus
1262 869 1340 918 esse
1364 840 1518 919 videtur.
1577 843 1642 918 Sin
1667 857 1788 918 autem
1812 841 1958 920 omium
1985 843 2032 916 ab
2056 865 2124 916 an-

332 974 467 1070 tcrioge
491 997 535 1046 ac
558 976 746 1072 superiore
770 987 875 1072 parte
900 971 1193 1068 contemplamur
1217 969 1313 1068 (Fig.
1322 968 1430 1041 XXI.
1448 966 1502 1054 0.)
1529 989 1644 1042 massa
1670 989 1840 1061 uenam,
1861 967 1993 1040 'forma
2016 981 2124 1040 orata

333 1108 444 1191 atque
467 1099 569 1191 apice
595 1094 741 1187 obtuso,
767 1096 1002 1192 conspicitur.
1053 1093 1082 1162 t
1107 1090 1280 1162 lateribus
1306 1091 1404 1162 enirn
1430 1093 1572 1189 positae
1596 1104 1682 1164 sunt
1705 1090 1799 1165 duae
1822 1105 1945 1189 partes
1969 1113 2125 1164 nerueae

333 1214 435 1298 (ibid.
463 1217 535 1310 la),
573 1240 668 1312 quae
701 1218 740 1288 in
767 1217 987 1290 valvularum
1012 1211 1166 1286 modum
1193 1213 1411 1284 coniunctae
1435 1228 1531 1284 sunt.
1581 1213 1715 1286 Harum
1742 1237 1784 1286 er
1810 1213 1914 1310 apice
1939 1214 2123 1286 anteriore

333 1351 491 1433 quatuor
517 1361 712 1411 nervorum
735 1338 921 1412 libamenta
946 1335 1158 1411 tenuissima
1185 1333 1292 1424 (ibid.
1320 1336 1367 1419 k.)
1393 1335 1581 1430 oriunurr,
1618 1357 1714 1433 quae
1744 1336 1832 1408 num
1859 1335 1908 1409 ad
1931 1359 2123 1433 processus

330 1457 564 1556 glandulosos
597 1461 819 1555 ventriculi,
860 1485 906 1534 an
941 1458 988 1534 ad
1018 1459 1270 1534 membranam
1304 1459 1430 1532 oculos
1462 1459 1731 1556 cerebrumque
1761 1457 2056 1532 circumdantem·
2082 1481 2121 1530 se

331 1595 567 1677 convertant,
602 1584 695 1654 mihi
721 1607 800 1656 non
826 1585 1052 1678 exploratum
1079 1594 1142 1652 est.
1194 1581 1264 1652 illis
1295 1578 1439 1654 duabus
1468 1582 1633 1677 partibus
1665 1583 1806 1656 nensis
1831 1582 2037 1654 lateralibus
2058 1605 2122 1654 re·

331 1702 448 1798 iectis,
473 1729 589 1778 massa
614 1704 795 1801 quaedam
819 1705 920 1803 nigra
937 1706 1036 1806 (Fig.
1052 1703 1243 1804 XXII.p.)
1270 1706 1308 1776 in
1334 1719 1570 1802 conspectum
1594 1708 1707 1800 senis,
1732 1728 1829 1804 quae
1842 1705 1939 1778 oculi
1953 1705 2122 1802 pigmen-

329 1838 409 1898 tum
435 1828 617 1924 reliquum
642 1851 719 1898 esse
744 1825 908 1920 videtur,
942 1842 979 1898 et
1003 1850 1024 1898 a
1048 1840 1152 1923 parte
1176 1826 1365 1924 superiore
1390 1829 1489 1900 nervi
1516 1827 1703 1902 caciaredam
1730 1827 1835 1914 (ibid.
1862 1833 1898 1913 i.)
1929 1825 2120 1902 rardinreu·

329 1963 409 2022 tum
433 1975 477 2022 ex
503 1953 701 2029 eminentia
726 1950 885 2047 quadam
911 1949 1100 2047 egrediens
1126 1949 1373 2044 conspicitur,
1409 1947 1512 2044 quod
1541 1949 1761 2047 simulatque
1786 1950 1855 2020 illis
1879 1949 2041 2046 partibus
2066 1949 2120 2022 la·

332 2074 505 2146 toralibus
527 2075 733 2168 intervenit,
758 2074 948 2147 evanescit.
983 2073 1079 2146 llaec
1105 2085 1281 2144 structura
1299 2071 1416 2144 buius
1441 2072 1567 2170 organi
1590 2072 1635 2146 iis
1658 2073 1698 2144 in
1724 2072 1954 2164 animalibus,
1978 2070 2016 2144 iu
2034 2074 2120 2170 qui·

328 2197 398 2268 bus
422 2197 620 2270 maximum
647 2210 832 2293 repertum
861 2209 937 2288 est,
971 2219 1047 2267 esse
1071 2191 1226 2266 ridetur.
1288 2191 1474 2266 interdum
1501 2206 1622 2268 autem
1648 2195 1836 2292 pigmenti
1851 2193 1970 2267 maior
1994 2196 2119 2268 multi·

327 2319 419 2392 tudo
447 2336 483 2394 et
508 2322 669 2394 minores
692 2331 814 2416 partes
840 2319 1003 2392 laterales
1027 2340 1180 2390 nerveae
1205 2316 1449 2388 inveniuntur.
1508 2317 1642 2390 Oculus
1666 2317 1776 2414 igitur
1798 2316 1944 2390 animali
1970 2317 2117 2392 irrveuili

328 2446 513 2540 proprius,
538 2445 641 2518 cuius
662 2443 756 2516 baec
781 2457 865 2514 sunt
890 2441 1111 2533 rudimenta,
1136 2437 1287 2532 simplex
1310 2435 1554 2531 essevidetur,
1579 2451 1615 2508 et
1639 2436 1669 2508 si
1693 2450 1870 2510 structura
1891 2440 1968 2536 eius
1988 2439 2117 2514 eadem

328 2581 394 2661 est,
421 2569 577 2664 quaein
604 2567 718 2638 oculis
742 2567 971 2664 simplicibus
996 2567 1219 2638 insectorum
1254 2573 1291 2631 ct
1322 2557 1543 2630 braccarum
1573 2559 1804 2654 observatur,
1840 2585 1990 2634 uersum
2016 2564 2116 2636 illum

326 2689 424 2788 [sug.
441 2689 568 2762 XXII.
596 2693 657 2783 i),
695 2690 758 2784 qui
794 2714 815 2761 a
846 2703 949 2786 parte
976 2688 1164 2785 superiore
1188 2685 1284 2756 inter
1315 2695 1437 2779 partes
1460 2682 1625 2756 laterales
1645 2681 1862 2777 deseendit,
1895 2685 2116 2781 peculiarem

315 2812 435 2884 'oculo
463 2835 551 2904 esse,
577 2812 724 2884 oculum
749 2825 871 2882 autem
896 2811 1045 2882 iorsitau
1071 2808 1145 2880 hoc
1169 2804 1284 2880 modo
1311 2829 1523 2878 evanescere
1549 2803 1675 2898 credo,
1698 2819 1752 2899 ut,
1775 2807 1874 2879 lente
1898 2819 1936 2878 et
1961 2831 2116 2899 corpore

325 2933 442 3006 vitreo
467 2935 641 3030 sauguine
663 2933 729 3004 has
755 2947 876 3029 partes
895 2933 1010 3004 libere
1036 2933 1315 3028 praeterfluente
1340 2927 1545 3022 dissolutis,
1576 2951 1773 3002 nervorum
1797 2951 1913 3005 massa
1939 2953 1983 3002 ex
2015 2943 2117 3002 utra·

325 3079 400 3152 quc
423 3057 527 3151 parte
553 3067 724 3151 augeatur
749 3055 1053 3152 pigmentumque
1079 3055 1262 3152 reliquum
1287 3050 1495 3128 concludat
2098 3147 2101 3150 Ι

386 3221 390 3229 -
423 3182 455 3260 l.
480 3181 541 3251 37.
595 3176 778 3276 Orgauon
801 3175 914 3263 illud,
948 3175 1050 3280 quod
1074 3175 1203 3252 oculus
1224 3181 1356 3252 tertius
1379 3179 1456 3250 sive
1484 3173 1647 3276 sisnploe
1674 3173 1794 3277 uulgo
1818 3177 2041 3252 nominetur.
2067 3217 2115 3236 -·

325 3299 473 3373 Praeter
497 3299 624 3373 oculos
650 3300 888 3397 compositos,
910 3287 1042 3372 adultis
1067 3299 1104 3371 iu
1131 3301 1347 3374 animalibus
1373 3323 1540 3397 organon
1565 3297 1755 3398 quoddam
1782 3300 1982 3397 reperitur,
2014 3294 2117 3395 quod

324 3422 471 3494 oculum
496 3421 700 3518 simplicem
727 3445 803 3496 esse
831 3424 971 3519 putavit
995 3422 1247 3496 Schaeiier.
1291 3423 1388 3494 luter
1411 3423 1591 3520 margines
1616 3423 1715 3496 enim
1741 3422 1933 3496 oculorum
1959 3443 2116 3516 compc-

324 3543 479 3614 sitorum
511 3543 735 3638 posteriores
768 3545 967 3618 eminentia
1003 3543 1185 3654 quaedam
1213 3568 1323 3642 parua
1355 3545 1538 3618 invenitur
1573 3543 1678 3632 (Tae.
1696 3545 1745 3620 II.
1781 3545 1868 3646 Εἰς.
1888 3543 1937 3617 Χ.
1955 3542 1999 3616 Ρ.
2027 3542 2113 3638 Fig.

323 3661 461 3738 XVII.
475 3661 536 3750 1).)
562 3667 687 3754 forma
705 3664 885 3760 rotunda,
917 3667 1079 3764 margine
1114 3679 1234 3738 acuto·
1290 3665 1507 3759 Superiicies
1538 3664 1647 3740 buius
1678 3667 1899 3740 eminentiae
1933 3659 2055 3738 albida
2079 3673 2115 3736 et

324 3784 446 3858 nitens
473 3799 537 3878 est,
563 3785 687 3862 media
707 3801 829 3860 autem
854 3789 894 3860 in
922 3813 964 3860 ea
991 3789 1132 3861 macula
1157 3786 1338 3886 quaedam
1361 3791 1601 3886 conspicitur,
1626 3813 1722 3887 quae
1745 3792 1849 3888 quasi
1875 3802 2034 3888 quatuor
2056 3786 2115 3860 lo·

324 3907 420 3980 bulis
441 3902 658 4004 composita,
681 3911 803 3982 stellae
825 3911 899 3984 sive
924 3915 1040 3987 crucis
1066 3911 1219 3984 formam
1239 3914 1347 3986 rciert
1372 3929 1409 3987 et
1427 3916 1630 3988 virentibus
1649 3917 1867 3990 animalibus
1886 3915 2013 3988 colore
2029 3934 2115 3984 san·

322 4031 471 4126 guineo,
496 4030 649 4102 mortuis
667 4031 877 4104 obscuriore
905 4048 940 4104 et
955 4036 1057 4132 nigro
1083 4035 1311 4122 esslTatJt
1329 4037 1413 4137 th.
1424 4037 1558 4112 XXV.
1569 4065 1605 4112 u.
1629 4037 1672 4110 ci.
1686 4037 1856 4116 Sebaei.
1884 4037 1949 4109 l-c.
1966 4035 2053 4108 tab.
2066 4037 2115 4110 ll.

324 4151 436 4248 lugu.
455 4151 522 4240 G.)·
571 4153 654 4226 Non
679 4177 824 4252 semper
848 4169 969 4228 autem
993 4171 1068 4230 tam
1096 4157 1264 4231 distinete
1290 4159 1386 4231 inter
1409 4184 1448 4231 se
1473 4159 1643 4232 disiuncti
1670 4175 1755 4234 sunt
1779 4159 1913 4254 lobuli,
1937 4172 1978 4230 ut
2001 4159 2115 4255 figura

324 4286 449 4348 nostra
475 4298 539 4346 eos
568 4273 746 4370 ostendit,
778 4276 843 4348 scd
869 4278 1054 4352 interdum
1082 4279 1174 4350 mihi
1209 4280 1359 4378 quidem
1386 4283 1424 4354 in
1449 4306 1560 4356 uuam
1598 4283 1775 4356 maculam
1804 4265 1999 4356 rotundam
2023 4306 2115 4356 cou-

326 4398 439 4470 ssuere
464 4396 693 4472 uidebantur.
714 4437 762 4454 -
785 4401 881 4476 Haec
908 4417 961 4476 cst
982 4403 1090 4476 buius
1115 4404 1228 4500 partis
1250 4405 1389 4501 species
1415 4419 1582 4500 externa,
1607 4408 1821 4503 quaestione
1847 4407 2053 4480 anatomica
2073 4401 2114 4476 id

326 4519 459 4616 reperi.
507 4519 545 4592 Si
570 4533 661 4592 testa
685 4521 1002 4619 cephalothoracis
1023 4538 1170 4600 externa
1192 4527 1432 4620 abstrahitur,
1458 4528 1517 4598 ille
1542 4529 1620 4602 eius
1646 4529 1766 4622 locata,
1802 4529 1865 4626 qui
1893 4519 2114 4600 eminentiae

326 4639 532 4737 superficiei
557 4643 684 4716 insitus
710 4661 805 4740 erat,
837 4646 1039 4746 pellucidus
1072 4649 1202 4720 stillis
1230 4663 1343 4723 testae
1376 4653 1540 4749 partibus
1563 4652 1767 4726 simillimus
1789 4653 2002 4766 reperitur,¹
2018 4671 2115 4748 quae

327 4767 454 4841 oculos
486 4769 712 4863 compositos
746 4772 933 4870 obtegunt.
1002 4771 1093 4844 Tum
1128 4773 1158 4845 si
1189 4775 1410 4848 eminentiae
1446 4775 1539 4848 illius
1574 4773 1804 4872 superficiem
1838 4770 2114 4868 contemplaris,

325 4891 488 4964 maculae
514 4890 595 4962 illae
621 4893 752 4968 rubrae
778 4896 1031 4993 integerrimae
1056 4894 1179 4970 adhuc
1208 4895 1494 4995 conspiciuntur.
1552 4901 1712 4997 Apparet
1735 4912 1857 4973 autem
1883 4891 2112 4992 superficiem

325 5011 501 5108 obtegens
525 5015 738 5088 membrana
765 5019 945 5116 quaedam
972 5025 1170 5096 tenerrima
1195 5036 1231 5096 et
1255 5022 1487 5118 mollissima,
1520 5023 1595 5098 boc
1623 5022 1736 5099 πιοάο
1771 5033 1979 5095 constructa
2017 5015 2114 5116 (Εἰς.

323 5132 532 5226 XXV.b.).
581 5135 699 5212 Media
726 5140 804 5214 cius
827 5165 910 5240 pars
936 5145 1089 5219 omnino
1115 5157 1169 5218 est
1193 5144 1392 5244 pellucida,
1425 5171 1550 5246 margo
1577 5159 1696 5225 autem
1726 5147 1816 5224 latus
1841 5145 1964 5234 colore
1988 5137 2114 5216 albida
