4786 6002
347 850 522 928 aseendit.
575 849 806 948 Compositus
829 862 950 922 autem
977 861 1032 920 est
1057 847 1287 944 oesophagus
1311 846 1430 921 tribus
1449 845 1591 938 stratis,
1628 863 1788 940 quorum
1818 834 1984 914 medium
2010 839 2133 912 tunica

302 966 305 972 ’
348 977 425 1048 eius
453 975 604 1072 propria
630 988 666 1045 et
687 985 863 1045 structura
889 971 1095 1064 musculari,
1122 969 1305 1041 internum
1333 983 1454 1042 autem
1478 984 1515 1041 ct
1539 981 1724 1040 externum
1743 963 2021 1036 membranacea
2038 975 2132 1036 sunt.

345 1099 483 1172 Tunica
509 1096 631 1170 media
656 1094 842 1194 (thJX.)
878 1117 920 1164 ex
946 1117 1079 1175 norem
1103 1094 1350 1164 musculorum
1377 1093 1553 1166 fasciculis
1580 1089 1782 1162 fortissimis
1810 1099 1976 1178 constat,
2003 1086 2132 1181 quiin

347 1219 521 1292 interiora
546 1218 749 1288 eminentes
772 1213 964 1311 superfreei
991 1213 1188 1310 oesophagi
1211 1215 1376 1288 internae
1400 1216 1578 1311 plicarum
1604 1210 1833 1311 quassandum
1852 1205 2010 1306 speciem
2027 1233 2134 1305 prae-

349 1344 451 1434 bent,
476 1352 513 1411 ει
538 1365 583 1412 eo
603 1341 702 1433 loeo,
728 1363 804 1436 quo
830 1338 1049 1411 ventriculus
1072 1337 1106 1408 ei
1133 1338 1287 1412 insertus
1312 1352 1378 1432 est,
1402 1336 1563 1412 cordiam
1588 1336 1737 1432 proprie
1754 1334 1955 1408 formatam
1978 1358 2135 1430 compo-

348 1465 412 1536 nit
464 1461 634 1554 Quatuor
657 1461 759 1533 enim
785 1461 986 1536 anteriores
1011 1460 1257 1532 musculorum
1283 1463 1514 1560 (thJXn.)
1541 1461 1615 1533 boe
1639 1460 1722 1532 loco
1742 1457 2006 1555 posterioribus
2031 1456 2136 1528 altitu

347 1584 584 1660 ascendeutes
609 1587 758 1681 telaque
773 1583 941 1656 celldlosa
955 1582 1071 1654 solida
1085 1582 1300 1656 circumdati
1317 1585 1553 1656 eminentiam
1568 1575 1752 1680 quandam
1769 1581 1864 1681 [Fig.
1879 1580 1922 1654 V
1920 1580 2081 1654 II-IX.
2092 1586 2135 1664 o.)

348 1707 581 1782 romndatam
605 1709 660 1780 vel
687 1721 828 1780 oratam
854 1720 1097 1803 componunt,
1122 1707 1288 1802 quinque
1313 1720 1434 1778 autem
1460 1707 1706 1779 musculorum
1733 1703 1890 1775 fasciculi
1916 1704 2136 1800 posteriores

346 1833 443 1932 (Fig.
456 1831 527 1904 IX.
541 1829 586 1914 b.)
610 1830 732 1902 reflexi
761 1829 935 1901 valvulam
963 1828 1147 1924 quandam
1174 1828 1401 1900 constituunt
1434 1829 1529 1927 (Fig.
1550 1828 1639 1902 VII.
1657 1826 1770 1901 VIII.
1784 1826 1822 1902 d.
1836 1827 1942 1912 IX.);
1973 1824 2136 1922 denique

346 1955 529 2026 musculus
555 1952 786 2024 tenuissimus
812 1951 1026 2023 orbicularis
1056 1952 1152 2050 (Fig.
1167 1950 1210 2022 V
1207 1950 1255 2024 II.
1266 1951 1336 2023 IX.
1350 1956 1391 2033 ε.)
1414 1950 1543 2024 haman
1571 1948 1724 2022 duarum
1751 1950 1909 2044 partium
1936 1949 2136 2047 marginem

346 2073 549 2148 circumdat
575 2097 710 2171 easque
736 2073 935 2169 coniungit.
986 2073 1199 2144 Membrana
1224 2073 1425 2169 oesophagi
1450 2073 1592 2144 interna
1617 2071 1751 2143 eodem
1778 2071 1892 2144 modo
1918 2070 1993 2145 duo
2020 2072 2059 2144 in
2085 2073 2137 2144 la·

342 2197 405 2270 bia
428 2196 581 2270 finditur
603 2195 768 2294 duasque
794 2210 917 2292 partes
935 2196 1157 2266 musculosas
1185 2197 1303 2290 vestit,
1330 2221 1407 2268 non
1434 2198 1559 2292 procul
1587 2211 1708 2268 autem
1735 2221 1755 2266 a
1777 2197 1940 2293 margine
1965 2197 2137 2288 vals'ulae,

344 2343 416 2415 qua
442 2333 545 2416 parte
572 2320 736 2390 musculo
764 2318 961 2390 orbiculari
988 2317 1095 2388 insita
1120 2333 1196 2412 est,
1218 2319 1315 2390 linea
1341 2319 1577 2411 obscuriore,
1611 2320 1732 2414 specie
1756 2343 1874 2415 paene
1901 2341 2053 2412 cornea,
2080 2321 2137 2392 in-

344 2456 478 2514 structa
503 2456 566 2514 est.
620 2441 706 2533 Quo
733 2455 909 2537 apparatu
936 2439 1165 2538 oesophagus
1190 2441 1294 2537 quasi
1313 2437 1458 2515 duobus
1485 2442 1589 2515 labiis
1615 2442 1862 2514 a-reutriculo
1879 2440 2015 2514 secludi
2031 2467 2137 2539 posse

344 2563 544 2651 videtur*).
1622 2665 1623 2670 Ἰ

443 2694 474 2768 §-
500 2691 535 2760 8.
591 2686 637 2757 V
633 2687 848 2764 eutricufus.
876 2725 923 2745 ·-
949 2687 1194 2780 Ventriculus,
1232 2688 1296 2783 qui
1322 2688 1360 2760 in
1385 2689 1554 2785 angulum
1576 2701 1717 2760 rectum
1744 2687 1955 2785 oesophago
1982 2688 2136 2760 insertus

343 2823 409 2902 est,
431 2811 647 2882 membrana
672 2813 908 2907 componitur
933 2810 1089 2906 simplici
1115 2810 1216 2882 tenui
1243 2833 1360 2906 paene
1385 2811 1584 2908 pellucido,
1619 2813 1658 2883 in
1691 2835 1764 2908 qua
1790 2816 1857 2882 snb
1884 2811 2130 2907 microsoopio
2203 2833 2214 2854 ·

342 2933 461 3006 lineae
485 2947 709 3006 transversae
735 2934 990 3008 subtilissimae
1021 2935 1295 3030 conspiciuntur
1328 2935 1421 3031 (Fig.
1440 2933 1553 3018 XII).
1606 2931 1709 3023 Quae
1735 2934 1949 3006 membrana
1974 2934 2023 3006 ita
2048 2957 2132 3008 oum

346 3051 557 3149 oesophago
585 3076 748 3125 connexa
774 3069 848 3148 est,
880 3069 922 3127 ut
947 3055 1168 3128 eminentiae
1194 3055 1344 3152 quidem
1367 3056 1558 3128 anterioris
1592 3057 1745 3153 margini
1776 3059 1973 3151 inseratur,
2005 3059 2129 3130 valvu-

346 3175 418 3248 lam
445 3189 567 3248 antem
593 3177 836 3272 posteriorem
863 3179 976 3251 libere
1002 3179 1041 3250 iu
1065 3179 1253 3250 verstriculi
1279 3178 1469 3250 cavitatem
1494 3180 1767 3274 prominentem
1792 3183 1946 3264 omuino
1972 3180 2135 3256 includat

347 3294 403 3378 (cf.
429 3295 512 3393 Fig
537 3295 580 3366 V
579 3296 731 3390 111.e.);
767 3295 867 3370 unde
895 3298 933 3369 in
958 3299 1141 3370 musculos
1165 3324 1315 3400 magnos
1341 3300 1485 3386 (Tati.
1512 3305 1595 3404 Fig.
1614 3305 1661 3376 II.
1681 3305 1756 3407 Q),
1794 3305 1859 3402 qui
1886 3305 2136 3403 oesophagum

350 3439 433 3487 cum
460 3415 611 3488 tendine
636 3418 931 3494 mandibularum
957 3423 1199 3518 coniungunt,
1230 3439 1266 3496 et
1292 3426 1488 3498 infossam
1514 3428 1768 3524 triangularem
1794 3427 1924 3502 iisdem
1951 3431 2138 3526 composi-

349 3549 424 3608 tam
452 3535 651 3610 desccndit.
702 3539 929 3612 Ventriculus
957 3541 1064 3638 igitur
1088 3546 1239 3638 proprie
1265 3542 1384 3617 dictus
1410 3548 1509 3645 (Fig.
1522 3549 1569 3618 X.
1585 3547 1650 3636 V.)
1685 3573 1802 3647 prope
1837 3565 1921 3646 post
1945 3555 2135 3626 cerebrum

350 3661 552 3757 oculosque
575 3674 612 3732 e't
636 3663 705 3734 illis
730 3663 769 3734 in
795 3665 967 3736 musculis
991 3667 1078 3736 situs
1104 3679 1176 3759 est,
1202 3680 1238 3738 et
1260 3681 1362 3763 parte
1387 3671 1591 3765 posteriore
1617 3673 1750 3743 sensim
1777 3687 1957 3748 coarctata
1982 3675 2030 3746 ad
2056 3700 2150 3750 ma-.

350 3781 452 3852 xillas
479 3806 594 3878 usque
622 3786 793 3881 pertinet,
817 3813 889 3858 arna
916 3799 1037 3860 autem
1064 3811 1145 3860 cum
1167 3789 1432 3886 appendicibus
1457 3817 1499 3864 ac
1523 3766 1752 3889 processibus
1775 3796 1995 3894 glandulosis
2020 3812 2136 3874 totam

349 3917 491 4001 partem
526 3908 747 3978 anteriorem
780 3910 1095 4005 cephalothoracis
1129 3913 1376 3984 similuuarem
1412 3915 1527 4012 replet
1554 3920 1800 4014 omnibusque
1834 3945 1877 3990 ex
1911 3922 2074 4016 partibus
2101 3935 2138 3994 et

353 4027 543 4098 cerebrum
578 4040 630 4100 et·
648 4030 773 4102 oculos
807 4032 1018 4104 circumdat.
1071 4035 1200 4104 forma
1229 4046 1480 4132 structuraque
1506 4039 1608 4130 eius,
1643 4039 1751 4134 plane
1787 4039 1927 4114 diversa
1951 4067 1973 4115 a
1998 4045 2136 4140 formis,

352 4147 430 4220 aliis
456 4149 493 4220 iu
519 4149 737 4222 animalibus
762 4153 1018 4250 imprimisque
1043 4155 1082 4226 in
1109 4153 1307 4231 Crustaoeis
1334 4160 1553 4252 observatis,
1580 4161 1671 4232 liaeo
1696 4177 1765 4234 est:
1791 4165 1882 4236 Toto
1909 4166 1947 4238 in
1974 4170 2137 4264 margine

352 4269 487 4343 laterali
513 4272 731 4344 ventriculus
753 4276 950 4371 porrigitur
976 4277 1015 4348 in
1041 4280 1181 4352 canales
1208 4295 1377 4379 augustos
1402 4285 1496 4383 (th.
1511 4285 1558 4358 X.
1571 4311 1604 4358 o.
1619 4311 1651 4358 α.
1662 4293 1726 4380 aa),
1762 4313 1920 4385 quorum
1945 4288 2075 4364 adultis
2098 4291 2137 4363 iu

353 4393 570 4466 animalibus
601 4398 711 4492 (quae
736 4396 962 4493 longitudine
988 4415 1071 4474 sunt
1095 4403 1253 4474 duorum
1283 4405 1468 4500 pollicum)
1498 4429 1593 4478 unus
1618 4407 1790 4506 utrinque
1823 4411 1948 4482 oculos
1972 4414 2138 4509 comple·

354 4528 456 4586 otene
482 4516 518 4586 in
544 4517 702 4589 frontem
728 4541 766 4588 se
792 4521 898 4590 vertit
921 4536 958 4593 et
982 4525 1162 4596 ramulum
1187 4549 1337 4620 parsum
1366 4529 1554 4621 introrsus,
1579 4543 1650 4600 tres
1676 4547 1794 4604 autem
1823 4557 1943 4606 ramos
1968 4535 2016 4608 ad
2041 4561 2137 4608 mar-

351 4635 474 4732 ginem
517 4641 732 4714 exteriorem
774 4641 1091 4738 cephalothoracis
1127 4647 1269 4720 emittit.
1337 4651 1528 4722 Praeterea
1564 4667 1637 4724 tres
1670 4656 1730 4729 alii
1770 4653 1939 4750 canales,
1977 4684 2136 4758 quorum

353 4819 646 4842 μ’·

408 4919 446 4996 *J
467 4919 549 4983 llaec
572 4919 675 4986 cordia
696 4923 802 4988 eodem
822 4941 892 5008 pars
912 4943 981 4989 esse
994 4913 1122 5007 videtur,
1142 4945 1223 5011 mane
1246 4931 1494 4998 eSohscfcro
1517 4938 1667 5000 musculus
1686 4939 1787 5001 cordis
1810 4939 1968 5018 (lliuslein
1992 4941 2138 5005 dcsller-

471 5043 558 5092 aeos.
579 5049 608 5092 v.
639 5049 668 5112 p.
686 5031 736 5094 77.
762 5033 835 5096 lab.
848 5033 882 5098 V.
904 5033 968 5117 Fig.
981 5035 1061 5113 tw.)
1092 5039 1243 5102 nominata
1267 5047 1321 5104 est.
1363 5039 1546 5108 Iuveniliboa
1573 5046 1604 5109 in
1634 5046 1819 5110 animalculis
1850 5065 1905 5128 per
1933 5055 2135 5131 tegumentum

472 5143 627 5202 cantuum
648 5139 794 5206 interduo
816 5145 944 5225 perspici
966 5149 1074 5226 potest.
1774 5141 1778 5160 ¹
