4786 6002
1095 636 1342 714 ...ae-

241 873 246 884 ·
331 825 566 922 triangulare,
587 824 798 926 depressum
820 842 1064 924 componunt,
1085 826 1189 926 quorl
1212 825 1396 928 gnngb'on
1419 825 1694 925 uaropbngerun
1719 824 1880 924 inferius
1907 825 1983 899 sira
2009 828 2131 924 inrpnr

338 949 521 1022 nominari
543 959 674 1048 potest.
722 950 800 1022 lloe
825 975 845 1022 e
866 952 1009 1047 gauglio
1034 962 1168 1026 ruerem
1184 953 1442 1051 oesopbogeur
1459 953 1579 1049 impar
1588 948 1683 1050 (Εἰς.
1697 947 1742 1022 V
1739 999 1749 1024 .
1763 948 1806 1022 V
1803 949 1834 1024 1.
1849 953 1885 1035 i.)
1909 947 2044 1042 oritur,
2063 951 2129 1045 qui

335 1071 422 1144 soris
445 1071 597 1169 quidem
624 1073 736 1166 latus,
768 1072 833 1146 sed
867 1073 1058 1171 depressus
1091 1087 1129 1148 el
1161 1097 1279 1172 paene
1312 1072 1514 1172 parandos
1547 1074 1644 1149 inter
1675 1070 1840 1149 medium
1873 1083 1912 1144 et
1937 1083 2127 1145 externum

337 1195 534 1294 oesophagi
560 1209 711 1268 stratum
736 1199 939 1270 musculare
964 1197 1140 1291 ascendit,
1159 1219 1273 1294 porro
1298 1208 1420 1270 autem
1437 1195 1642 1292 investigari
1662 1217 1739 1270 non
1757 1192 1892 1288 potuit.
1927 1190 2125 1269 Excudent

334 1341 433 1412 arcu,
458 1319 579 1390 nervis
604 1320 844 1418 oesophageis
868 1321 1074 1394 coniunctis
1095 1320 1323 1417 composito,
1354 1316 1400 1392 nd
1431 1318 1573 1392 labrum
1600 1319 1721 1415 ipsum
1746 1315 1847 1388 nervi
1874 1313 1957 1388 dno·
1974 1315 2126 1412 graciles

335 1439 434 1538 (Fig.
450 1437 500 1512 V.
515 1443 569 1540 g.)
599 1443 778 1536 orianum,
802 1443 868 1540 qui
895 1445 976 1540 ipso
1000 1444 1068 1516 sub
1094 1429 1232 1540 pariete
1257 1442 1348 1514 labri
1373 1441 1561 1539 superiore
1584 1441 1642 1516 rel
1667 1439 1842 1514 interiore
1861 1435 1911 1512 ad
1923 1437 2124 1534 marginem

334 1583 452 1658 usque
478 1563 554 1636 eius
579 1566 820 1661 posteriorem
848 1561 1057 1640 decurrunt.
1093 1613 1097 1620 -
1221 1631 1224 1636 .
1365 1599 1367 1606 >

433 1682 460 1758 E
485 1689 635 1785 gangliis
660 1701 780 1760 autem
808 1689 1046 1786 oesophogeis
1066 1687 1315 1785 superioribus
1341 1684 1482 1785 (lugd.
1506 1685 1557 1762 V.
1587 1685 1632 1765 V
1627 1687 1658 1760 Ι.
1669 1683 1729 1770 D.)
1755 1697 1898 1781 praeter
1923 1683 2121 1758 maximum

334 1807 436 1880 illum
462 1833 612 1882 nervum
638 1811 753 1885 modo
777 1811 1000 1908 descriptum
1030 1812 1069 1884 hi
1094 1811 1193 1882 uerri
1220 1811 1381 1882 minores
1406 1810 1597 1884 oriuntur:
1630 1810 1675 1882 ab
1710 1808 1884 1912 interiore
1909 1815 2012 1904 parte
2037 1829 2123 1876 ner-

330 1953 396 2002 vus
420 1933 627 2027 complores
649 1934 687 2004 in
713 1959 834 2006 ramos
859 1934 993 2006 divisus
1018 1935 1113 2032 (Fig.
1130 1931 1180 2004 V.
1193 1930 1241 2027 β.)
1269 1929 1316 2004 ad
1342 1933 1523 2002 musculos
1548 1931 1711 2005 laterales
1737 1929 1960 2024 oesophagi3
1995 1941 2073 2003 lum
2100 1953 2121 1996 e

332 2061 435 2145 parte
458 2053 638 2124 exteriore
665 2075 794 2126 uerrus
816 2055 876 2125 illo
903 2053 1047 2150 longior
1072 2052 1173 2136 libid.
1190 2054 1253 2148 d),
1279 2055 1343 2151 qui
1369 2053 1464 2128 duos
1490 2055 1528 2151 in
1554 2077 1675 2128 ramos
1692 2051 1794 2126 fissus
1819 2053 1858 2123 iu
1881 2051 2020 2146 pariete
2043 2075 2114 2146 po-

327 2171 478 2246 steriore
502 2174 695 2248 anterioris
718 2177 831 2271 partis
856 2174 1172 2271 cephalothoracis
1195 2177 1355 2250 decurrit
1378 2179 1644 2274 ventriculique
1680 2175 1728 2249 ad
1753 2197 1943 2272 processus
1964 2171 2121 2270 dandu-

330 2293 426 2365 losos
450 2297 632 2391 portinere
656 2297 819 2394 videtum
852 2313 932 2372 turn
958 2321 1088 2372 nervus
1113 2298 1265 2396 quidam
1292 2298 1459 2383 libide.)
1490 2301 1610 2372 tenuis
1635 2297 1682 2372 ad
1710 2299 1789 2370 illos
1816 2295 2018 2390 musculos,
2053 2297 2118 2393 qui

327 2419 531 2490 olusculum
557 2419 852 2494 mandibularum
876 2445 959 2494 cum
984 2433 1075 2494 testa
1099 2419 1327 2516 coniungunt
1345 2417 1450 2503 (Tala
1464 2420 1493 2494 I.
1517 2418 1659 2518 FigJI.
1676 2417 1719 2490 V
1718 2423 1761 2513 .);
1788 2431 1865 2500 tum
1883 2441 2013 2490 nerum
2031 2416 2117 2490 buic

327 2535 463 2612 similis.
477 2541 576 2640 (Fig.
590 2542 635 2612 V
632 2543 701 2637 .λ.)
722 2543 771 2616 ad
796 2569 860 2616 eos
884 2547 1079 2638 musculos,
1103 2542 1167 2640 qui
1194 2542 1443 2638 oesophagum
1460 2544 1622 2616 musculo
1649 2539 1944 2614 mandibularum
1968 2536 2118 2636 affigunt

329 2659 435 2746 (Tot.
456 2663 484 2734 Ι.
513 2665 769 2768 th.11.(›.);
803 2667 965 2764 denique
1000 2691 1129 2742 nervus
1161 2665 1392 2736 brevissimus
1428 2665 1523 2764 (Εἰς.
1545 2663 1590 2736 V
1588 2713 1598 2735 .
1612 2690 1648 2756 μ.
1684 2663 1823 2762 FigJ.)
1857 2685 1899 2734 ex
1929 2664 2120 2760 superiore

327 2793 428 2874 parte
454 2783 586 2880 ganglii
612 2787 805 2884 utriusque
828 2787 876 2860 ad
893 2787 1104 2861 vmusculum
1130 2785 1438 2861 mandibularum.
1560 2849 1561 2852 ,
1897 2868 1901 2878 ,

368 2963 372 2970 .
425 2903 597 2980 Videmus
621 2908 752 3004 igitur,
787 2933 916 2982 omnes
943 2911 1014 2984 lere
1039 2910 1109 2984 bus
1140 2931 1270 2982 nervos
1297 2908 1570 3015 adoesopbagi
1603 2908 1785 2982 musculos
1814 2931 1853 2980 se
1884 2909 2114 2982 conferrere

324 3049 462 3120 paucos
484 3041 626 3102 tantum
658 3033 819 3107 ramulos
850 3031 898 3124 ad
930 3057 1119 3129 processus
1154 3033 1356 3107 ventriculi·
1371 3030 1605 3129 glandulosae
1634 3033 1828 3128 pertinere.
1887 3030 2113 3104 Ventriculus

322 3170 407 3220 rero
434 3148 690 3244 ipso·,omniuo
717 3153 824 3225 nullis
846 3156 964 3226 nervis
997 3154 1192 3228 instructus
1225 3179 1301 3228 esse
1334 3154 1496 3248 videtur,
1534 3177 1619 3230 nam
1651 3179 1767 3252 quum
1792 3137 2113 3228 membranacius

319 3269 500 3366 pellucids
525 3272 583 3365 sir,
608 3274 854 3370 microscopio
880 3275 1086 3373 composito
1108 3300 1240 3352 nervos
1266 3277 1303 3348 in
1330 3302 1372 3350 ea
1396 3277 1561 3373 conspici
1588 3300 1694 3374 posse
1721 3273 1909 3374 oportuit3
1936 3273 2000 3348 sed
2028 3276 2110 3350 nul-

321 3389 396 3462 lum
423 3412 549 3468 eurum
578 3395 766 3490 vestigium
794 3398 926 3492 reperi.
1525 3461 1535 3471 .

416 3517 446 3593 §-
470 3519 532 3586 28.
587 3513 755 3616 Gnrrglio
780 3521 973 3597 terratica
1005 3536 1044 3596 et
1069 3526 1181 3597 nerui
1202 3546 1260 3606 en,
1281 3526 1329 3600 iis
1352 3527 1436 3600 orti
1470 3565 1520 3584 --
1557 3521 1662 3598 Nervi
1689 3519 1939 3618 oesopbagum
1966 3523 2109 3597 collaris

317 3633 428 3706 instar
453 3637 738 3734 complectentes
764 3641 859 3740 (ruga
869 3642 900 3718 1.
931 3640 976 3714 V
972 3691 983 3711 .
1013 3643 1057 3714 V
1054 3643 1084 3716 1.
1095 3644 1163 3738 0.),
1187 3659 1383 3743 postquam
1409 3644 1549 3742 ganglia
1574 3643 1634 3716 illa
1664 3643 1894 3742 oesophagea
1918 3645 2107 3741 superiora

260 3845 266 3856 ·
316 3772 603 3852 composuerunt
628 3775 665 3833 et
690 3781 792 3836 ramo
818 3779 1021 3839 transverso
1049 3764 1155 3854 (ibid.
1181 3769 1239 3854 E.)
1276 3772 1370 3842 inter
1393 3795 1433 3842 se
1458 3769 1646 3854 coniuncti
1678 3781 1783 3861 nint,
1813 3768 1934 3842 statim
1959 3792 2106 3842 muscu-

316 3876 389 3950 lum
417 3880 711 3958 mandibtdarum
738 3886 879 3986 (thJ.
905 3888 974 3964 VI.
992 3889 1044 3962 M
1060 3897 1069 3974 )
1094 3891 1274 3985 subeunt,
1299 3905 1337 3964 et
1362 3893 1399 3966 in
1426 3905 1527 3988 parto
1550 3891 1658 3962 buius
1683 3890 1835 3964 musculi
1861 3891 2011 3966 ventrali
2038 3917 2106 3966 nec

317 4003 445 4095 mucul
469 4005 517 4076 ab
544 4007 622 4078 eim
647 4009 808 4106 margine
833 4012 1035 4106 posteriore
1058 4014 1156 4108 prius
1170 4041 1236 4112 par
1259 4017 1485 4114 gangliorum
1507 3995 1781 4091 thoracicorum
1793 4013 1890 4114 (Fig.
1904 4013 1954 4088 V.
1968 4013 2012 4086 V
2010 4015 2103 4098 LE.)

315 4141 553 4220 componunt.
606 4129 700 4204 Sunt
723 4131 816 4206 baec
837 4133 978 4229 ganglia
1003 4132 1077 4208 duo
1104 4135 1196 4212 nodi
1220 4139 1342 4212 neraei
1364 4139 1450 4212 satis
1475 4137 1613 4232 magni,
1646 4137 1770 4232 plani,
1802 4135 1918 4212 forma
1939 4139 2104 4212 semicir-

264 4326 267 4334 .
316 4249 425 4323 culnri
451 4251 506 4324 vel
532 4277 648 4348 paene
672 4255 897 4349 semitooan,
920 4255 1066 4332 dnobus
1088 4260 1196 4332 ramis
1221 4261 1430 4334 transversis
1455 4259 1581 4332 crassis
1607 4259 1756 4334 inlerse
1782 4260 1981 4338 coniuncti.
2036 4261 2104 4334 Ea·

317 4381 421 4454 tcruo
447 4397 468 4446 e
491 4377 652 4474 margine
678 4399 805 4452 eorum
834 4391 905 4452 tres
931 4357 1030 4456 nervi
1053 4383 1281 4484 crassilFig.
1301 4383 1353 4458 V.
1383 4381 1455 4462 VJ.
1482 4383 1518 4456 J.
1544 4381 1662 4468 M.)
1687 4384 1863 4468 oriuntur,
1890 4385 2103 4481 quistatim

314 4495 357 4566 in
378 4493 673 4572 mandibularum
697 4503 898 4576 miraculum
925 4519 1118 4600 penetrant
1146 4517 1182 4576 et
1207 4504 1316 4581 huius
1346 4517 1430 4578 umt
1454 4505 1606 4602 proprii.
1672 4507 1818 4582 Praeter
1841 4507 1913 4582 hos
1933 4520 2054 4580 auteur
2081 4532 2101 4578 e

312 4613 474 4708 margine
500 4619 681 4696 anteriore
708 4621 897 4718 utriusque
924 4623 1014 4697 nodi
1040 4651 1161 4702 ramus
1180 4629 1322 4727 gracilis
1349 4621 1440 4710 (ibid
1474 4625 1518 4714 t.)
1549 4628 1589 4700 iu
1614 4629 1795 4701 anteriora
1822 4628 2011 4721 emittitur,
2035 4630 2101 4726 qui

311 4759 507 4810 nervorum
531 4749 679 4810 truncos
705 4765 856 4838 magnos
877 4765 897 4814 a
922 4748 1074 4820 cerebro
1102 4763 1203 4821 ortos
1234 4762 1473 4848 transgressus
1497 4748 1680 4821 musculus
1710 4749 1858 4846 parietis
1888 4747 2100 4845 posterioris
2154 4789 2161 4800 ·

311 4859 508 4956 oesophagi
533 4859 633 4954 petit.
669 4861 826 4959 Uterque
844 4845 971 4940 eorum
995 4867 1133 4944 bucria
1147 4869 1374 4944 lilnmenmm
1390 4871 1663 4947 subtilissimum
1682 4867 1837 4954 (tarnat
1859 4870 1898 4942 in
1924 4871 2098 4947 interiora

311 4981 443 5054 emittit
465 4979 511 5054 ad
529 4980 782 5056 membranam
805 5011 973 5062 nervosa
995 4993 1144 5068 ventrali
1168 5005 1270 5088 parte
1289 4995 1534 5092 obtcgenlem·
1573 4993 1617 5066 Hi
1636 4993 1736 5067 uerri
1751 5016 1793 5063 ex
1810 5004 1968 5089 utroque
1987 4995 2098 5066 latere

310 5100 379 5175 sibi
394 5115 589 5179 occurrunt
601 5116 638 5177 el
648 5103 796 5180 forsitan
808 5131 949 5190 ramum
963 5125 1205 5190 transversum
1218 5130 1461 5214 componunt,
1477 5115 1579 5214 quod
1592 5116 1675 5191 satis
1692 5114 1880 5214 explorare
1889 5140 1967 5192 non
1980 5117 2096 5214 potui.
