4786 6002
268 871 349 942 eius
372 868 434 940 bie
445 867 636 940 maltam
654 865 750 938 illam
767 865 1091 941 mombrnnaoeana
1099 865 1197 968 (mg.
1214 865 1301 940 XV
1297 864 1349 942 II.
1374 865 1611 965 mmmm),
1633 891 1742 968 supra
1761 871 1926 967 pluribus
1938 871 2057 946 verbio

268 991 502 1092 deseriptam,
529 993 772 1088 uo'mponunt⁷
797 991 858 1062 oui
884 991 1013 1066 oerrlus
1027 992 1086 1064 oie
1111 990 1232 1064 dietus
1253 991 1410 1088 simplex
1432 992 1624 1090 impositus
1648 1007 1713 1066 ost.
1752 993 1932 1090 Spatium,
1952 993 2058 1092 qood

269 1117 444 1213 utrinque
465 1113 736 1188 maenaa-imo
761 1115 965 1216 marginem
987 1101 1171 1188 lateralem
1197 1113 1307 1190 huius
1338 1115 1433 1188 vasis
1458 1128 1495 1186 et
1529 1117 1728 1214 marginem
1754 1117 1975 1193 anteisse·
1999 1139 2058 1188 ar-

268 1248 420 1308 euatum
445 1235 683 1344 membranae
718 1234 826 1309 eordi
854 1215 1075 1312 mblaoontir
1110 1259 1259 1332 prorsus
1293 1238 1463 1312 musculis
1493 1240 1652 1312 aletore
1682 1239 1730 1312 ad
1754 1238 1905 1312 dorsum
1931 1221 2059 1315 ardan-

268 1355 454 1454 dentibus,
475 1359 660 1456 imprimis
679 1359 806 1434 autem
832 1357 894 1434 itto
921 1360 1080 1432 maximo
1107 1362 1294 1455 musarde,
1325 1362 1428 1435 cuius
1452 1362 1523 1434 iam
1548 1363 1697 1460 saepire
1717 1365 1947 1439 mentionem
1970 1363 2059 1438 soei-

269 1505 350 1555 mus
376 1481 484 1574 (Tala
493 1482 525 1556 1.
549 1483 733 1584 mpla.)
759 1461 945 1580 expletum
969 1495 1040 1578 εει)
1068 1507 1138 1557 nee
1161 1483 1283 1557 solum
1303 1484 1438 1558 borum
1466 1487 1713 1562 muamrlorum
1734 1486 1851 1560 libras
1864 1487 2061 1560 neunudae

268 1603 470 1700 parietibus
493 1605 587 1677 rasis
609 1605 845 1699 tueamur,
874 1603 943 1678 sed
964 1605 1160 1701 peculiaris
1182 1629 1335 1703 quoque
1367 1607 1401 1680 ei
1426 1621 1482 1680 est
1506 1609 1687 1682 musculus
1711 1606 1820 1702 (Tala.
1835 1609 1885 1684 II.
1909 1609 1996 1708 mg.
2010 1609 2061 1683 Χ.

271 1723 427 1800 XVIII.
445 1726 509 1800 W.
538 1725 668 1802 Taal.
694 1728 780 1828 Fig.
789 1725 838 1801 II.
859 1727 918 1802 W
915 1735 960 1822 .l‚
989 1728 1054 1825 qui
1087 1749 1108 1798 a
1133 1740 1237 1824 parte
1262 1729 1452 1826 superiore
1479 1727 1713 1802 mandibulae
1746 1730 1939 1826 utriusque
1962 1743 2063 1804 ortam

269 1861 549 1948 transversaque
575 1849 771 1924 doourrens
794 1851 998 1950 marginem
1022 1849 1207 1924 lateralem
1231 1853 1325 1926 rasis
1351 1853 1617 1950 complectitur.
1650 1895 1701 1914 --
1737 1851 1833 1924 Viris
1858 1852 1897 1923 in
1923 1851 2064 1924 anima

271 1969 368 2044 libus
388 1971 463 2045 hoe
488 1971 643 2074 quidem
665 1997 727 2048 ras
752 1974 873 2072 ipsmn
899 1975 1091 2048 observare
1118 1999 1193 2050 non
1218 1977 1345 2072 potui,
1370 1976 1458 2073 quia
1482 1975 1652 2048 musculis
1675 1973 1879 2046 dorsalibus
1901 1973 2064 2046 theraei·-

272 2094 324 2166 ois
349 2095 547 2172 maximam
568 2111 711 2194 partem
734 2097 929 2196 obtegatur,
954 2095 1021 2170 sed
1045 2099 1293 2172 musculorum
1318 2097 1572 2192 multitudine,
1598 2099 1734 2195 quibus
1758 2099 1973 2172 instructum
1999 2111 2065 2192 est,

270 2220 361 2292 satis
383 2217 677 2317 denonantur,
706 2222 782 2296 hoe
806 2247 958 2321 quoque
983 2247 1051 2297 ras
1072 2223 1213 2296 moveri
1239 2236 1276 2294 et
1301 2223 1552 2299 contractione
1578 2235 1615 2293 et
1639 2222 1871 2318 expansione.
1922 2221 1999 2291 liae
2023 2244 2062 2292 re

272 2355 311 2414 et
337 2342 454 2420 forma
480 2344 649 2418 inusitata
674 2369 752 2418 nou
776 2345 911 2420 arteria
933 2359 1048 2443 sorta,
1080 2345 1146 2420 sed
1171 2370 1237 2420 ror
1257 2343 1452 2444 'quoddam
1478 2347 1631 2418 alterum
1656 2345 1735 2422 sire
1755 2346 1978 2417 artes-losum
2003 2355 2066 2414 aut

271 2466 506 2541 emulantur
531 2465 889 2542 sordis-arterium
911 2468 987 2540 boe
1009 2467 1364 2542 ras-nominandum
1392 2491 1469 2540 esso
1484 2471 1673 2565 probatur.
1700 2467 1824 2562 Quam
1847 2465 2064 2561 opinionem

270 2584 350 2656 aliis
383 2610 537 2686 quoque
567 2589 677 2662 rebus
712 2601 752 2662 et
783 2589 1100 2663 observationibus
1137 2591 1176 2663 in
1205 2592 1283 2664 aliis
1309 2587 1507 2662 Crustaeeio
1532 2589 1632 2661 laetis
1666 2587 1840 2660 affirmari
1878 2587 1972 2666 inira
2004 2589 2060 2662 vi·

271 2703 454 2781 dabimus.

373 2834 405 2910 §-
430 2834 492 2904 20·
545 2827 750 2932 Sanguinis
784 2837 824 2908 in
857 2834 1165 2932 ceplmlotlmrooe
1198 2858 1342 2909 rursus.
1376 2875 1422 2890 -
1455 2835 1544 2906 Vasa
1575 2857 1618 2904 er
1649 2831 1850 2906 ventriculo
1887 2830 2062 2902 arterioso

272 2973 350 3024 nou
375 2951 605 3048 colluuntur,
630 2953 696 3026 sed
721 2957 910 3028 cavitatem
937 2957 1014 3028 eius
1036 2957 1132 3028 inter
1162 2956 1288 3030 oeulos
1320 2955 1499 3030 foramine
1525 2967 1688 3051 apertam
1712 2976 1788 3026 esse
1821 2953 1914 3046 (Εἰς.
1927 2951 2063 3024 XVII.

272 3072 427 3148 XVIII.
446 3080 492 3158 o.)
519 3076 591 3146 iam
617 3101 725 3173 supra
751 3077 919 3152 vidimus.
953 3079 1104 3176 Sanguis
1130 3080 1238 3176 igitur
1264 3076 1386 3150 eordis
1407 3077 1611 3160 ¹rentrieulo
1637 3099 1774 3148 venoso
1800 3080 1888 3169 (quo
1914 3073 2065 3144 nomine

271 3217 337 3268 eor
361 3195 553 3292 proprium
568 3179 597 3270 ¹a
618 3200 819 3271 ventriculo
845 3201 1021 3272 arterioso
1049 3198 1271 3300 distinguere
1298 3201 1414 3286 liceat)
1448 3199 1487 3271 in
1521 3197 1760 3270 ventriculum
1788 3195 2001 3266 arteriasum
2028 3207 2065 3264 et

270 3315 346 3389 hoo
369 3342 438 3414 per
461 3319 626 3392 foramen
659 3319 749 3393 illud
765 3323 819 3394 .in
846 3346 926 3392 eam
953 3323 1143 3394 cavitatem
1176 3322 1413 3418 propellitur,
1449 3321 1488 3390 in
1519 3331 1595 3415 qua¹
1625 3330 1661 3389 et
1686 3317 1876 3388 cerebrum
1906 3328 1943 3385 et
1968 3316 2065 3387 oculi

269 3439 329 3514 siti
353 3455 439 3514 sunt
464 3441 522 3532 (el.
553 3441 676 3518 Talal.
704 3445 788 3545 mg.
797 3443 931 3518 XVII.
942 3443 981 3519 C.
993 3443 1082 3532 A.).·
1119 3443 1203 3542 Qua
1230 3467 1272 3514 ex
1298 3444 1447 3516 cavitate
1474 3465 1589 3538 quum
1616 3440 1750 3510 canalis
1776 3437 1928 3534 quidam
1944 3462 2063 3508 mem-

268 3563 490 3656 branaceus,
528 3587 637 3660 supra
659 3566 747 3638 satis
768 3561 922 3662 copiose
946 3563 1149 3663 descriptus
1182 3563 1348 3650 (TobJI.
1375 3565 1458 3664 th.
1472 3563 1558 3636 XV
1555 3562 1586 3635 I.
1601 3561 1710 3634 XIX.
1724 3562 1802 3653 R),
1836 3573 1918 3632 ante
1953 3583 2062 3631 oeso-

196 3751 198 3757 ,
268 3685 431 3783 phagum
456 3684 505 3758 ad
532 3685 705 3772 inferiora
731 3687 941 3785 deseendit,
973 3687 1157 3786 sanguinis
1179 3687 1338 3758 maxima
1368 3709 1453 3783 pars
1486 3709 1554 3782 per
1578 3685 1679 3756 hune
1710 3683 1874 3754 canalem
1895 3680 1943 3754 ad
1969 3681 2063 3752 inle-

268 3807 406 3878 riorom
432 3808 749 3905 oephalotboraois
774 3823 915 3908 partem
941 3809 1069 3883 delluit
1095 3826 1206 3910 atque
1231 3811 1303 3884 hae
1333 3810 1392 3883 via
1413 3809 1565 3882 cerebro
1593 3823 1654 3902 et,
1686 3828 1802 3905 quum
1837 3805 1970 3878 canalis
2001 3804 2060 3874 ille

269 3927 317 4001 ab
343 3931 526 4004 anteriore
561 3947 668 4029 parte
698 3957 776 4006 non
805 3957 954 4032 prorsus
983 3935 1141 4008 seclusus
1174 3935 1238 4027 sit,
1271 3955 1509 4030 processuum
1541 3929 1731 4002 ventriculi
1761 3924 2059 4026 glandulosorum
2143 4024 2147 4032 Ι

268 4054 364 4149 parti
390 4053 693 4128 circumfunditur
728 4056 788 4146 (cl.
821 4055 946 4132 TabJ.
975 4057 1059 4155 Fig.
1077 4054 1210 4128 XVII.
1228 4055 1298 4144 tt).
1355 4052 1429 4127 Sed
1462 4077 1539 4126 non
1572 4065 1671 4124 totus
1705 4050 1888 4148 sanguinis
1920 4048 2063 4118 rivusa

269 4175 384 4248 eorde
407 4201 617 4274 progressus
641 4177 737 4252 hane
761 4179 857 4251 viam
887 4181 975 4273 init,
1007 4181 1167 4252 minores
1197 4179 1300 4250 rivuli
1326 4177 1489 4272 laterales
1521 4176 1561 4262 in
1587 4173 1714 4246 nudos
1743 4173 1843 4270 ipsos
1867 4181 2063 4268 penetrant

269 4311 307 4370 et
330 4300 426 4372 inter
452 4325 648 4374 neruorum
683 4303 893 4399 uptieorum
925 4303 1109 4376 filamenta
1146 4315 1183 4374 et
1210 4302 1393 4374 misellos
1425 4323 1511 4393 eos,
1545 4299 1609 4396 qui
1636 4294 1824 4369 radiorum
1861 4293 1974 4364 instar
2002 4291 2062 4362 illa

269 4419 498 4494 uirusmdant
526 4421 717 4522 {Fig.XV
714 4423 782 4497 III.
795 4423 856 4513 G.)
882 4423 1074 4497 doeurrere
1099 4423 1280 4496 ridentur.
1338 4423 1415 4494 Hoc
1442 4421 1540 4492 enim
1567 4419 1723 4516 spatium
1749 4438 1857 4512 saepe
1884 4415 2060 4510 sanguine
2205 4441 2208 4448 ·

269 4542 472 4639 coagulato,
498 4568 630 4617 nervos
653 4560 752 4619 arole
777 4547 1039 4643 oireamdante,
1064 4549 1244 4644 repletum
1272 4546 1462 4643 reperitur.
1513 4544 1557 4615 lli
1581 4541 1701 4633 rivuli,
1722 4553 1918 4635 postquam
1947 4537 2061 4608 oeulis

261 4665 477 4739 etrruuumi
503 4682 612 4762 sunt,
649 4693 692 4742 ex
716 4686 872 4770 utraque
904 4687 1008 4768 parte
1033 4672 1231 4744 rudimenti
1259 4670 1354 4743 oculi
1377 4669 1568 4742 anterioris
1600 4661 1806 4762 procedunt
1828 4673 1864 4731 et
1889 4661 1967 4756 ipsa
1991 4660 2059 4729 sub

190 4885 193 4892 ‚
268 4797 361 4858 testa
382 4801 533 4869 externa
557 4813 666 4887 supra
690 4804 806 4864 totam
832 4791 1148 4890 repbalotlroraeis
1172 4808 1313 4892 partem
1340 4793 1561 4866 antor-iorem
1587 4783 1843 4858 diffunduntur
1861 4783 1955 4880 (Εἰς.
1969 4774 2059 4853 XII.
2120 4817 2124 4824 ·

269 4905 347 4994 Al·
397 4909 486 4982 Pam
507 4913 691 5010 sanguinis
715 4914 804 4988 inde
829 4915 876 4988 ad
901 4919 1102 5015 marginem
1125 4919 1368 5016 posteriorem
1382 4907 1702 5010 eephalothoraeis
1726 4920 1764 4978 et
1786 4927 1907 4978 versus
1924 4902 2057 4975 lineam

269 5029 481 5108 medianam
509 5036 734 5136 conperisse
758 5040 949 5134 senserat,
977 5053 1017 5112 ut
1035 5042 1138 5113 ‘inter
1156 5041 1339 5120 musculos
1363 5037 1527 5111 laterales
1548 5046 1588 5106 et
1613 5032 1773 5104 dorsales
1797 5027 1844 5099 ad
1868 5025 2059 5100 caritatem

271 5152 488 5230 abdominis
508 5158 736 5256 superiorem
762 5159 888 5235 redeat
911 5163 971 5255 (ei.
1006 5163 1132 5240 Tabl.
1158 5166 1243 5266 mg.
1258 5163 1344 5238 XV
1342 5164 1391 5236 II.
1399 5159 1468 5253 Ε),
1489 5179 1576 5256 pars
1598 5170 1719 5228 autom
1740 5152 1784 5236 in
1802 5165 1943 5248 partem
1969 5146 2066 5240 inio-
