4786 6002
1025 667 1286 748 *lit-

254 851 976 950 uraemlhmrmlunpmrcamimmi
990 853 1090 938 tenc
1110 856 1275 952 conspui
1306 869 1536 954 pulueream&
1557 857 1722 939 sturmini
1750 856 1933 936 :Cetemrn
1952 883 2042 934 num

254 977 661 1068 uremrmemtun
680 985 827 1074 eqnpe'r
852 975 986 1052 endem
1006 990 1181 1076 ,tompore
1204 993 1422 1076 renovetur,
1447 1005 1524 1078 qun
1553 995 1699 1056 externa
1720 997 1812 1056 testa
1838 999 2045 1058 commuta·

253 1091 324 1194 tur,
350 1115 448 1174 certe
472 1100 595 1174 dicere
620 1126 697 1174 non
722 1125 883 1197 possum.
935 1101 975 1172 ln
999 1101 1216 1176 animalibus
1239 1103 1478 1196 iuvenilibus,
1516 1118 1557 1176 ut
1582 1106 1622 1178 in
1639 1105 1800 1180 historia
1827 1111 2046 1183 evolutionis

253 1224 577 1316 derrionstrabitmt,
602 1223 732 1316 res-ita
751 1247 791 1296 se
816 1223 954 1300 tibus
979 1224 1136 1318 videtur,
1166 1226 1206 1298 i'n
1230 1225 1362 1300 adultis
1396 1239 1518 1300 antem
1552 1255 1631 1302 nou
1652 1255 1797 1328 semper
1822 1231 1915 1304 duae
1940 1258 2045 1306 cnm·

252 1349 473 1436 mmuoeee
497 1348 693 1423 convenire
718 1344 901 1441 rideatur,
926 1371 1012 1420 uam
1034 1347 1218 1420 interdum
1244 1350 1456 1422 intestinum
1480 1353 1552 1424 iam
1579 1353 1794 1426 membrana
1818 1358 1955 1428 recenti
1982 1382 2046 1428 ve·

251 1472 380 1543 etitum
401 1472 536 1568 reperi,
561 1494 676 1566 quum
694 1482 847 1544 externa
869 1483 962 1544 terta
982 1469 1233 1546 demonstrare
1254 1472 1449 1568 rideretur,
1469 1475 1727 1548 animalcnlnm
1746 1477 1792 1549 ab
1812 1477 1921 1552 buius
1942 1503 2046 1552 com-

256 1595 460 1668 mantione
484 1594 570 1666 eatis
593 1594 702 1692 longe
727 1594 865 1666 abesse.

353 1717 418 1790 His
440 1718 736 1790 membranarum
762 1718 1111 1792 commutationibus
1135 1731 1249 1796 totam
1278 1718 1479 1813 pervitam
1507 1720 1691 1814 repetitis,
1723 1735 1901 1818 perpetuo
1929 1727 2045 1796 l'orma

253 1863 405 1940 quoque
429 1841 620 1956 uentriculi
644 1853 901 1934 commutatur,
924 1867 1010 1914 nam
1036 1865 1115 1914 non
1139 1843 1257 1914 solum
1279 1839 1531 1937 magnitudine
1555 1854 1717 1939 augetur,
1742 1841 1806 1914 sed
1830 1844 1917 1928 nori
1936 1844 2044 1917 etiam

251 1984 441 2059 procerem
471 1958 675 2062 glaudulcsi
702 1963 871 2036 existum-
921 1965 963 2038 lu
987 1963 1102 2062 ligura
1126 1963 1234 2038 XIII.
1265 1963 1432 2036 ridemus
1462 1966 1702 2038 uentriculum
1730 1967 1896 2038 animalis
1926 1969 2048 2040 cuiue·

254 2085 353 2180 dam,
379 2084 482 2184 quod
508 2085 776 2183 longitudinem
800 2087 908 2158 unius
933 2087 1076 2183 pollinis
1102 2113 1179 2158 unu
1201 2087 1403 2183 superavit,
1437 2099 1473 2158 et
1505 2111 1547 2158 ex
1572 2101 1727 2184 utraque
1754 2101 1857 2185 parte
1882 2089 1960 2162 eius
1987 2115 2048 2162 sex
2139 2137 2147 2146 -

254 2211 396 2284 canales
421 2211 580 2284 maiores
606 2210 893 2308 conspiciuntur.
943 2208 1179 2302 Quirinum
1204 2209 1405 2282 ventriculo
1432 2211 1598 2282 animalis
1624 2213 1736 2308 magis
1762 2211 1896 2306 adulti,
1928 2214 2048 2310 longi-

250 2329 380 2409 tudine
403 2332 562 2410 duorum
586 2336 762 2433 pollicum
784 2335 969 2435 (Fig.X.),
994 2346 1240 2431 comparatur,
1263 2331 1365 2406 facile
1389 2329 1621 2429 intelligam-2,
1648 2335 1776 2408 in·illo
1801 2335 1874 2410 iarn
1899 2336 2047 2432 vestigia

253 2481 380 2534 eorum
406 2483 644 2558 processuum
668 2460 834 2558 reperiri,
860 2460 925 2556 qui
949 2468 1034 2530 sunt
1057 2456 1218 2554 perlecta
1241 2454 1375 2528 evoluti
1401 2454 1475 2528 hoc
1501 2456 1541 2530 iu
1568 2456 1728 2564 animali.

1012 2708 1255 2728 -·-—-

685 2961 1016 3041 §vute-rua
1058 2957 1626 3040 respirationis.

873 3253 931 3306 rac.
947 3251 983 3306 ιι.
1007 3251 1053 3322 riq
1075 3251 1177 3306 r-rir.
1200 3251 1232 3302 x.
1252 3248 1317 3302 mr
1340 3249 1417 3304 ιιιι.
1546 3243 1551 3256 ·

353 3447 384 3523 t.
415 3447 471 3512 11.
522 3435 715 3511 Bracchia
739 3455 877 3532 magara
901 3430 1144 3516 semiformis.
1182 3469 1228 3482 ·-
1267 3424 1527 3498 Branchiarum
1561 3437 1688 3499 nostro
1721 3425 1760 3496 iu
1794 3424 1942 3496 animali
1978 3438 2052 3498 tres

253 3562 416 3637 diversae
441 3561 588 3634 formae.
603 3555 855 3632 iurcniunmre
899 3552 1064 3626 Primum
1091 3550 1190 3623 euim
1217 3571 1387 3645 magnum
1414 3547 1504 3624 illud
1530 3561 1694 3642 scutum,
1726 3545 1829 3644 quod
1854 3537 2050 3625 maximam

256 3689 422 3784 corporis
446 3697 587 3784 partem
614 3679 765 3777 obtegit,
790 3675 883 3751 nibil
908 3687 963 3748 est
987 3673 1054 3749 nisi
1072 3670 1262 3764 branchia,
1289 3669 1419 3746 etiam
1446 3668 1669 3744 aGtaedeo
1698 3681 1734 3742 et
1758 3668 2050 3744 allertboldo

256 3825 354 3882 recte
380 3811 566 3906 cognitum
593 3817 657 3879 est
708 3804 835 3900 tuque
860 3801 1026 3872 universe
1049 3797 1323 3905 eiusstructura
1351 3793 1446 3864 bene
1469 3791 1654 3888 descripta
1679 3805 1744 3866 est.
1797 3788 2050 3890 compositum

254 3940 353 4010 enim
380 3948 435 4010 est
462 3935 577 4006 tribus
602 3943 689 4025 aut,
722 3941 763 4000 ut
786 3925 905 3998 rarius
926 3921 1068 4010 dicam,
1101 3917 1245 3990 duabus
1274 3913 1424 3990 dirersis
1456 3915 1631 4010 partibus.
1694 3914 1849 3991 lutericr
1884 3939 1904 3986 ε
1934 3931 2050 3989 masta

255 4060 416 4158 quadam
442 4057 567 4147 motti,
597 4051 791 4149 spongiusa
817 4059 854 4118 et
877 4043 1047 4118 cellulosa
1072 4051 1231 4132 constat,
1256 4036 1443 4112 branchiis
1467 4036 1664 4132 peculiari,
1692 4063 1788 4134 quae
1818 4037 2048 4136 superficiem

254 4184 468 4258 maculatam
496 4188 782 4275 punctatamque
808 4169 971 4267 praebet.
1023 4164 1119 4236 Haec
1143 4185 1259 4233 massa
1286 4161 1381 4258 (Fig.
1398 4159 1429 4232 1.
1457 4158 1665 4254 Fiunt.)
1690 4162 1863 4237 laminam
1885 4174 2049 4236 teneram

224 4306 444 4382 'constituit
479 4315 598 4375 tntum
633 4305 700 4395 per
724 4293 866 4368 scutum
899 4303 1081 4363 extensam
1115 4299 1152 4358 et
1183 4285 1252 4380 ipsi
1286 4282 1459 4357 anteriori
1495 4285 1588 4381 parti
1623 4284 1956 4383 cephalntboracis,
1991 4285 2049 4356 cui

254 4436 345 4506 scuti
372 4443 493 4528 partes
512 4423 675 4498 laterales
698 4417 1015 4504 admiscuerunt,
1054 4410 1336 4502 cohaerentem3
1364 4431 1451 4480 uam
1477 4407 1571 4487 haec
1594 4433 1702 4505 pare,
1734 4431 1828 4503 qnae
1855 4407 2051 4504 praecipue

257 4554 455 4630 ventriculo
481 4564 519 4622 et
539 4542 805 4644 appendicibus
829 4532 1150 4632 eius-glandulosis
1181 4531 1362 4627 repletur,
1391 4543 1505 4605 strato
1532 4532 1732 4610 tenerrimo
1761 4528 1924 4610 eiusdem
1952 4529 2090 4620 mas<¹

254 4703 317 4754 sae
337 4677 463 4751 cestui
488 4670 656 4762 ridetur3
691 4679 729 4738 at
752 4662 792 4736 id
815 4671 862 4734 eo*
885 4659 999 4755 magis
1025 4668 1078 4728 est
1102 4653 1317 4747 ιειίεἰιιιίιε,Ι
1342 4652 1446 4751 qnod
1468 4673 1585 4752 {supra
1613 4653 1680 4728 has
1713 4667 1859 4750 partes,
1892 4665 1934 4726 ut
1959 4652 2051 4726 inira

254 4803 478 4893 ridebimus,
513 4793 657 4892 saugrns
686 4786 794 4860 simili
821 4779 983 4882 quodam
1011 4777 1146 4873 modo,
1181 4801 1224 4850 ac
1249 4779 1287 4850 in
1313 4789 1415 4852 scuto
1450 4779 1529 4874 ipso
1564 4775 1685 4854 esurit.
1727 4817 1774 4834 -·
1809 4777 1928 4850 Altera
1945 4783 2074 4872 pars„

255 4951 329 5026 qua
352 4939 491 5000 acutum
519 4933 573 5010 est
599 4913 863 5012 compositum,
885 4905 978 4995 ειιιίε
1003 4903 1169 5000 corporis
1195 4914 1342 4976 externa
1367 4914 1432 4996 est,
1456 4923 1550 4998 quae
1577 4898 1674 4972 illam
1696 4923 1850 4972 massam
1878 4923 1922 4970 ex
1948 4913 2049 4972 utra-

252 5077 330 5152 que
355 5063 458 5150 parce
482 5045 612 5135 restit,
643 5038 784 5112 dirersa
809 5043 930 5115 autem
957 5039 1085 5103 uatum
1111 5023 1259 5098 inferius
1283 5036 1320 5094 et
1343 5022 1509 5120 superius
1541 5033 1605 5094 εει.
1668 5021 1708 5096 ln
1733 5021 1921 5118 superiore
1948 5022 2047 5092 enim

254 5192 358 5276 parte
384 5183 513 5246 testam
537 5164 649 5238 efficit
681 5157 780 5259 (mg.
794 5155 843 5230 ΙΙ.
853 5149 904 5245 α.)
938 5149 1073 5233 luscam
1100 5160 1137 5221 et
1162 5145 1384 5238 maiaceam,
1421 5165 1517 5241 qnae
1552 5145 1652 5223 nullo
1673 5142 1800 5221 modo
1828 5169 1850 5218 a
1874 5159 1965 5220 testa
1991 5167 2052 5216 ne·
