4786 6002
942 625 1283 720 '-sr-

733 1029 1054 1095 ⁴Partes
1117 1030 1514 1112 genitales.

940 1225 948 1242 „
970 1175 1030 1264 ns.
1047 1175 1070 1228 1.
1090 1138 1149 1246 ru,
1164 1178 1186 1230 1.
1206 1131 1381 1233 xrv-xvr.

189 1441 199 1458 .
357 1356 389 1433 5.
415 1353 475 1424 38.
526 1351 661 1425 Partes
685 1348 866 1450 genitales
886 1349 1081 1445 femineae.
1097 1377 1144 1402 ·*·
1167 1349 1298 1422 Ovaria
1321 1347 1459 1446 lpodis
1482 1361 1519 1421 et
1540 1345 1790 1446 magnitudine
1817 1361 2045 1440 etovorum,

259 1475 395 1571 quibus
419 1468 724 1571 semper'repleta
746 1472 855 1566 sunt,
881 1473 1018 1568 ingenti
1045 1467 1277 1542 multitudiue
1304 1482 1508 1566 praestant,
1537 1469 1780 1567 quamobrem
1806 1467 1935 1539 ceteris
1960 1489 2045 1538 cor·

255 1598 360 1694 poris
382 1598 547 1694 partibus
572 1598 710 1670 facilius
742 1572 907 1694 perquiri
940 1609 1094 1693 possunt
1118 1595 1393 1690 accuratiusque
1418 1593 1600 1689 descripta
1624 1603 1720 1662 sunt.
1777 1591 1903 1686 ltaque
1928 1613 2043 1686 pauca

255 1731 398 1792 numm
423 1715 593 1792 addenda
617 1730 713 1792 sunt.
764 1721 926 1816 Utroque
951 1719 990 1790 in
1015 1715 1231 1790 abdominis
1250 1716 1362 1787 latere
1387 1715 1504 1786 fistula
1516 1711 1703 1811 quaedam
1730 1710 1925 1784 iusiiormis
1939 1712 2045 1784 adul&

255 1835 302 1912 tis
322 1842 362 1914 in
383 1840 603 1915 animalibus
635 1843 750 1915 erulis
774 1864 919 1938 semper
943 1842 1081 1938 repleta
1107 1839 1245 1938 (thJ.
1262 1839 1319 1923 0.)
1345 1837 1544 1934 reperitur,
1579 1859 1673 1933 quae
1699 1835 1913 1908 membrana
1937 1837 2040 1908 tenui

256 1962 422 2062 quidem,
447 1967 602 2063 simplici
631 1979 668 2038 et
689 1964 883 2066 pellucido,
908 1977 1032 2037 tamen
1057 1965 1142 2036 satis
1165 1959 1270 2031 firma
1297 1972 1333 2030 et
1356 1957 1473 2030 solida
1496 1954 1662 2050 efficiuu,
1691 1970 1729 2028 et
1747 1969 1866 2028 totum
1892 1982 1959 2054 per
1976 1959 2045 2030 ab·

256 2083 395 2157 demon
430 2110 451 2158 a
481 2087 604 2182 primo
637 2087 693 2157 vel
719 2083 881 2158 seeundo
915 2086 1051 2158 annulo
1080 2082 1127 2157 ad
1156 2083 1331 2154 annulum
1366 2103 1484 2177 usque
1519 2079 1730 2151 vicesimum
1758 2081 1952 2176 septimum
1988 2081 2045 2151 vei

258 2219 425 2288 octavum
451 2207 621 2301 pertinet.
673 2207 748 2278 liae
772 2223 893 2303 partes
915 2229 957 2276 ex
981 2219 1140 2300 utroque
1171 2205 1282 2276 latera
1315 2203 1476 2274 intestini
1508 2201 1680 2274 musculis
1714 2201 1921 2273 lateralibus
1947 2203 2044 2273 obli·

254 2328 338 2422 quis
363 2326 532 2400 adiacent
557 2342 593 2400 et
619 2329 742 2400 multis
765 2331 937 2402 musculis
957 2329 1162 2426 gracilibus,
1187 2351 1345 2423 quorum
1372 2327 1445 2397 iarn
1471 2349 1579 2420 supra
1604 2324 1745 2396 mentio
1772 2323 1864 2396 sacta
1885 2325 2041 2422 estiFig.

253 2448 284 2520 l.
306 2449 350 2522 L.
361 2447 438 2537 ΖΛ),
464 2451 567 2546 quasi
593 2451 703 2547 plaga·
722 2451 883 2546 quadam
905 2473 1098 2548 suspensae
1123 2463 1218 2521 suut.
1259 2451 1326 2520 Has
1352 2449 1391 2519 in
1416 2447 1550 2518 listulas
1574 2445 1778 2517 fauisormes
1799 2447 1845 2518 ab
1872 2447 2043 2518 omnibus

256 2572 434 2667 partibus,
460 2585 611 2666 excepto
639 2585 788 2644 externo
813 2575 937 2666 latere,
963 2596 1038 2668 quo
1064 2571 1234 2642 musculis
1258 2569 1464 2639 lateralibus
1477 2565 1657 2657 adiacent,
1683 2565 1964 2636 innumerabiles
1982 2591 2045 2638 ca·
2155 2595 2162 2610 ·

260 2689 360 2762 nales
385 2691 459 2762 sive
484 2690 602 2762 tubuli
628 2692 899 2764 membranacei
925 2705 1136 2784 aetenum,
1162 2692 1201 2762 in
1226 2691 1367 2762 arboris
1391 2688 1544 2761 modum
1570 2687 1726 2780 ramosi,
1757 2687 2043 2758 extremitatibus
2151 2753 2161 2762 .

256 2811 392 2904 caeeis,
430 2823 587 2904 exeunt,
623 2813 688 2909 qui
712 2826 828 2886 totam
856 2813 930 2886 iere
963 2812 1172 2885 abdominis
1203 2811 1391 2886 cavitatem
1420 2811 1564 2906 explent
1589 2809 1644 2893 (ci.
1660 2807 1856 2880 Sehaeii.
1879 2807 1965 2878 Tab.
1987 2807 2040 2878 lV.

255 2931 326 3027 Fig.
345 2933 531 3020 iti-vlt).
1428 2941 1430 2944 ’
1462 2997 1468 3004 .

354 3054 398 3126 Ηί
413 3056 540 3128 tubuli
566 3063 738 3154 (quorum
760 3080 845 3152 pars
866 3058 988 3155 aliqua
1013 3051 1263 3153 magnitudine
1289 3051 1444 3126 maxime
1469 3063 1573 3126 aucta
1595 3052 1774 3128 delineata
1804 3071 1857 3130 est
1891 3057 1930 3127 in
1957 3057 2039 3156 Fig.

235 3174 384 3268 ¹XIV.)
411 3202 474 3250 eae
499 3193 583 3251 sunt
604 3194 737 3275 partes,
762 3181 958 3276 inquibus
983 3183 1088 3252 ovula
1112 3191 1362 3277 procreantur,
1390 3192 1426 3248 et
1446 3179 1485 3248 iu
1503 3202 1626 3248 earum
1651 3174 1935 3250 extremitatibus
1955 3179 2041 3252 ubi-

254 3321 327 3393 que
354 3299 459 3370 ovula
485 3313 521 3370 et
546 3298 669 3372 albida
692 3315 728 3371 et
750 3325 854 3374 rosea
879 3303 1120 3398 reperiuntur.
1172 3298 1374 3390 Quomodo
1400 3312 1521 3370 autem
1549 3299 1654 3370 ovula
1680 3299 1861 3372 hocloco
1888 3301 2041 3372 existant

254 3431 292 3490 et
317 3420 540 3516 evolvantur,
566 3420 615 3494 de
635 3421 705 3494 hac
729 3445 769 3492 re
794 3422 869 3492 hcc
892 3435 1046 3518 tautum,
1072 3420 1175 3520 quod
1200 3420 1334 3514 dicam,
1358 3419 1492 3491 babeo.
1536 3420 1592 3491 Ab
1618 3419 1724 3494 initio
1752 3422 1956 3494 extremitas
1980 3437 2040 3495 tu-

251 3540 340 3612 buli
357 3543 532 3640 cuiusque
559 3545 730 3616 caeca'in
755 3544 891 3640 globuli
928 3544 1080 3618 modum
1115 3543 1323 3616 intumescit
1354 3555 1391 3613 et
1425 3543 1465 3614 in
1489 3542 1547 3613 his
1584 3544 1870 3616 extremitatibus
1901 3545 2041 3640 princi·

251 3663 353 3756 pium
381 3665 491 3758 evuli,
514 3682 632 3739 massa
657 3665 837 3764 quaedam
864 3667 1024 3740 albicans
1050 3681 1087 3739 et
1109 3664 1276 3759 floccida,
1302 3666 1441 3759 existit,
1458 3666 1496 3736 iu
1522 3690 1596 3762 qua
1625 3667 1831 3761 complures
1863 3668 2039 3740 vesiculae

252 3807 400 3878 prorsus
426 3787 628 3882 pellucidae
654 3802 691 3860 et
714 3789 871 3860 maiores
896 3804 933 3862 et
957 3791 1118 3862 minores
1143 3788 1418 3883 conspiciuntur
1449 3787 1545 3881 (Fig.
1566 3785 1680 3858 XIV.
1697 3790 1757 3872 a).
1805 3787 1892 3859 Mox
1913 3801 2039 3860 autem

251 3905 321 3977 hae
347 3909 524 3981 vesiculae
550 3925 768 3983 evanescunt
793 3921 830 3980 et
855 3933 969 3982 massa
994 3913 1054 3982 illa
1079 3907 1329 4007 magnitudine
1354 3931 1397 3978 ac
1421 3905 1602 3978 soliditate
1626 3921 1732 3980 wauem
1757 3911 1918 4010 colorem
1946 3913 2039 3984 albi-

252 4026 341 4102 dum
368 4031 519 4128 accipit‚
553 4033 617 4131 qui
653 4007 786 4104 sensim
819 4035 857 4114 in
890 4020 1052 4105 colorem
1083 4021 1229 4102 roseum
1263 4041 1509 4100 commutatur
1541 4027 1729 4119 (ididia).
1781 4033 1885 4119 ,Haec
1911 4056 2038 4127 massa,

195 4189 199 4194 ·
251 4152 404 4247 vitellus,
426 4157 644 4228 membrana
669 4158 818 4252 propria
844 4156 1066 4248 tenuissima,
1089 4167 1131 4225 ut
1150 4171 1237 4224 mox
1261 4151 1591 4244 demonstrabitur,
1620 4154 1790 4226 conclusa
1815 4166 1878 4225 est.
1931 4155 2038 4225 Post·

253 4297 363 4369 quam
388 4278 535 4349 ovulum
558 4277 633 4350 boo
657 4278 695 4348 in
721 4291 814 4350 statu
840 4276 1065 4373 aliquamdiu
1084 4276 1230 4368 mansit,
1250 4299 1294 4346 ex
1320 4273 1437 4344 tubuli
1455 4273 1606 4345 extremi
1620 4275 1898 4347 intumescentia
1916 4277 2036 4372 ipsum
2111 4289 2113 4294 ’

252 4397 290 4468 in
316 4397 506 4490 tubulum,
536 4411 573 4468 et
604 4421 671 4493 per
697 4398 795 4470 hune
820 4397 866 4470 ad
892 4399 1068 4469 maiorem
1103 4399 1199 4468 illam
1222 4396 1377 4468 fistulam
1406 4393 1565 4466 mediam
1592 4397 1819 4490 propellitur.
1870 4397 1943 4470 Hac
1968 4397 2037 4470 de-

251 4541 352 4588 mum
381 4519 437 4590 via
460 4519 556 4590 ovuli
582 4531 672 4592 testa
698 4533 843 4591 externa
869 4520 1018 4590 existere
1043 4519 1198 4612 videtur,
1224 4541 1309 4589 nam
1333 4517 1460 4588 omnia
1486 4517 1608 4608 ovula,
1634 4540 1730 4611 quae
1754 4516 1813 4588 bis
1837 4517 1876 4588 iu
1900 4519 2037 4592 tubulis

252 4634 494 4736 reperiuntur,
519 4655 609 4712 testa
635 4641 815 4738 quaedam
842 4643 926 4712 satis
949 4664 1065 4712 erasm
1091 4638 1313 4712 circumdata
1337 4653 1422 4710 sunt
1446 4637 1548 4724 (ibid.
1570 4643 1626 4731 c),
1651 4663 1759 4734 quae,
1784 4665 1860 4736 quo
1884 4643 2036 4738 propius

251 4759 419 4868 amedia
445 4761 562 4836 fistula
589 4764 736 4836 ovulum
762 4776 828 4856 est,
853 4788 897 4836 eo
925 4763 1038 4860 magis
1059 4763 1228 4835 rubescit.
1283 4763 1324 4834 lu
1348 4763 1408 4836 iila
1432 4775 1553 4834 autem
1580 4759 1697 4833 fistula
1723 4763 1861 4835 maiore
1887 4765 2035 4836 nonnisi

250 4880 409 4976 perlecta
436 4886 541 4956 ovula
563 4887 814 4981 reperiuntur,
837 4899 873 4956 et
896 4908 1004 4981 saepe
1029 4897 1150 4956 tantus
1176 4908 1305 4956 eorum
1330 4863 1601 4977 numerosas,
1635 4897 1677 4954 ut
1700 4885 1800 4982 ipsos
1824 4886 1864 4958 in
1887 4886 2037 4958 tubulos

250 5004 498 5099 promineant,
524 5021 560 5079 et
583 5008 756 5101 musculi,
789 5007 951 5080 orarium
977 5006 1140 5104 adlatus
1165 5003 1367 5104 affigentes,
1397 5004 1579 5103 profunde
1603 5004 1742 5080 fistulae
1767 5009 2035 5104 imprimantur,

251 5148 324 5219 qua
350 5151 389 5199 re
416 5127 507 5222 baec
531 5130 690 5224 speciem
717 5130 977 5203 articulationis
1001 5128 1189 5204 cuiusdam
1212 5130 1356 5226 accipit.
1406 5127 1572 5200 Ceterum
1599 5153 1720 5225 neque
1746 5131 1782 5202 iu
1807 5129 1947 5203 orificio
1974 5143 2034 5202 tu·
