4786 6002
356 854 500 932 Padurn
524 855 814 934 abdominaliam
839 858 940 958 paria
964 867 1051 936 sunt
1073 865 1279 962 sexaginta,
1317 889 1475 962 quorum
1502 862 1675 940 undecim
1700 865 1813 964 partis
1837 863 2048 940 abdominis

257 993 340 1054 stant
365 979 568 1074 anterioris,
593 993 630 1052 et
650 979 822 1052 undecim
849 983 1091 1056 anterioribus
1116 984 1325 1058 abdominis
1350 988 1492 1060 annulis
1515 987 1755 1085 respondent,
1780 1003 1900 1062 cetera
1924 1001 2045 1062 autem

256 1099 604 1200 partis'abdominis
637 1103 849 1200 posterioris
883 1107 1026 1179 annulis
1058 1107 1308 1205 septendecim
1338 1111 1395 1182 rel
1427 1108 1678 1207 duodeviginti
1712 1112 1955 1184 anterioribus
1980 1113 2048 1186 ad-

257 1225 422 1312 haerent,
443 1229 494 1299 ita
517 1240 559 1298 ut
578 1227 745 1324 quinque
770 1239 833 1298 aut
854 1251 915 1298 sex
941 1229 1065 1301 annttli
1092 1228 1301 1303 abdominis
1326 1230 1484 1328 pedibus
1508 1231 1670 1304 destituti
1697 1234 1959 1329 relinquantur.
2006 1237 2046 1307 ln

257 1362 360 1445 parte
387 1349 494 1445 igitur
515 1347 723 1422 abdominis
748 1349 951 1446 posteriorc
971 1349 1085 1447 pedes
1119 1353 1261 1425 annulis
1287 1377 1364 1426 non
1396 1349 1649 1448 respondent,
1681 1351 1745 1424 sed
1773 1365 1887 1424 testae
1913 1354 2047 1424 lamina

110 1567 117 1572 ι
257 1469 440 1563 vestratis,
463 1448 620 1564 pedibus
646 1469 834 1542 interiecta
861 1483 897 1542 et
922 1485 1004 1544 eutc
1023 1475 1126 1546 tenui
1152 1498 1196 1546 ae
1217 1473 1398 1571 pellucido
1425 1475 1563 1568 effecta,
1585 1474 1626 1546 in
1643 1488 1828 1571 segmenta
1850 1475 1963 1546 divisa
1981 1489 2047 1547 esu

259 1613 418 1685 quorum
443 1616 616 1664 numerus
641 1616 719 1664 non
744 1593 885 1666 annulis
910 1594 974 1667 sed
998 1594 1158 1691 pedibus
1181 1595 1390 1696 respondet.
1418 1631 1464 1650 -
1491 1597 1566 1670 Pes
1589 1595 1744 1699 quisque
1766 1621 1788 1668 a
1813 1611 1915 1694 parte
1941 1611 2047 1670 ante-

258 1713 357 1786 riore
380 1728 416 1786 et
439 1716 642 1813 posteriore
668 1739 908 1812 compressus,
932 1718 1050 1790 tribus
1072 1720 1231 1790 articulis
1257 1720 1481 1814 compositus
1508 1731 1572 1790 est.
1606 1719 1782 1792 trtieutus
1807 1721 1947 1816 primus
1972 1722 2047 1792 sive

259 1834 408 1936 intimus
433 1861 643 1934 processum
672 1835 858 1934 quendam
885 1839 1102 1934 ioliaeeum,
1131 1841 1423 1935 subrotundum,
1453 1841 1537 1912 setis
1562 1841 1718 1938 pilisque
1745 1841 1857 1913 dense
1885 1845 2045 1916 obsitum

258 1960 339 2054 lert,
364 1961 429 2057 qui
455 1985 544 2034 coxa
570 1963 778 2034 nominatus
802 1975 856 2034 est
881 1962 1085 2047 (Alteraahn
1105 1963 1303 2052 Sentiet).
1354 1963 1470 2036 Pedes
1494 1964 1544 2036 ita
1571 1966 1681 2062 positi
1706 1979 1814 2060 sunt,
1845 1981 1886 2040 ut
1912 1969 2047 2041 articu-

258 2085 313 2158 lus
338 2086 478 2180 primus
503 2086 542 2156 in
566 2085 747 2158 anteriora
773 2100 906 2183 vergat,
930 2088 1057 2160 tertius
1083 2089 1122 2160 in
1147 2089 1350 2185 posteriora
1377 2100 1413 2158 et
1429 2086 1600 2160 inferiora
1626 2088 1777 2163 inflexus
1799 2077 1856 2184 εἰς
1883 2106 1919 2162 et
1935 2117 2049 2165 coxae

260 2210 426 2280 omnium
452 2207 588 2304 pedum
616 2210 653 2280 in
679 2210 774 2281 linea
799 2208 970 2282 mediana
994 2211 1144 2282 ventrali
1173 2209 1303 2282 fossam
1331 2208 1531 2306 quandam,
1555 2221 1598 2282 ut
1623 2209 1672 2282 ita
1698 2209 1830 2305 dicam,
1856 2213 2048 2288 alimenta-

259 2331 364 2425 riam‚
390 2355 463 2428 qua
485 2331 655 2405 alimenta
681 2312 737 2404 ori
763 2345 1015 2430 apportentur,
1040 2346 1268 2430 componant
1291 2333 1349 2416 (cl.
1373 2331 1552 2407 Schael.
1577 2331 1704 2408 Tabl.
1730 2333 1890 2429 Fig.lV.).
1913 2375 1958 2388 -
1976 2336 2049 2413 Pes

260 2459 414 2558 quisque
435 2459 559 2555 partis
582 2455 795 2530 abdominis
815 2460 1014 2530 anterioris
1040 2456 1099 2544 (ci.
1132 2453 1261 2528 Tabl.
1296 2455 1461 2554 Figlll.
1495 2491 1545 2510 -
1580 2455 1754 2528 Scbael.
1777 2458 1863 2528 Tab.
1883 2463 1948 2532 lll.
1976 2463 2047 2556 Fig.

260 2579 413 2664 l-Ill.)
428 2629 440 2670 ‚
475 2579 631 2674 exeeptis
658 2578 806 2673 paribus
830 2577 952 2674 primo
978 2590 1014 2649 et
1034 2576 1256 2670 undecimo,
1289 2593 1435 2672 praeter
1464 2601 1593 2652 coxam
1627 2581 1793 2676 quinque
1819 2583 2051 2676 processibus

261 2701 421 2778 soliaceis
447 2701 641 2774 instructus
666 2715 732 2795 est,
758 2725 916 2798 quorum
942 2714 1015 2773 tres
1040 2698 1371 2796 (spadelaebnlicbe
1391 2700 1524 2796 spine,
1550 2701 2050 2798 Blattspitzc,bl'tersel1eere

262 2823 450 2907 sonant)
472 2825 558 2898 setis
580 2837 655 2896 tres
677 2825 790 2896 series
814 2823 1122 2921 componentibus
1147 2821 1257 2894 obsiti
1280 2823 1435 2920 margini
1461 2823 1638 2916 interiori,
1665 2821 1740 2895 diro
1767 2837 1889 2896 autern
1917 2823 2051 2920 digitos

263 2948 459 3022 relerentes
484 2947 767 3040 rutenenses,
796 2945 1058 3020 Unterschesre
1086 2945 1280 3032 Sabaei.)
1316 2958 1353 3018 et
1383 2946 1607 3043 marginibus
1632 2947 1868 3018 interioribus
1892 2946 2051 3018 dentatis

264 3071 406 3143 chelam
431 3071 615 3167 parvulam
648 3083 939 3168 componentes,
970 3070 1066 3167 apici
1100 3068 1312 3142 adhaerent
1362 3069 1512 3167 Margini
1544 3070 1724 3168 superiori
1759 3073 1899 3144 articuli
1936 3071 2050 3142 medii

263 3192 390 3268 affixae
414 3205 501 3267 sunt
523 3192 621 3268 duae
645 3191 847 3268 branchiae
872 3193 1066 3286 ioliaceae,
1091 3217 1246 3289 quarum
1272 3193 1429 3265 exterior
1453 3193 1572 3266 nlaior
1597 3206 1673 3286 est,
1697 3193 1814 3266 lorma
1836 3194 1909 3266 lere
1933 3195 2052 3266 trian-

260 3317 374 3412 gulari
398 3317 454 3386 vel
476 3315 724 3406 securissimi,
747 3315 910 3410 margine
933 3315 1017 3409 pilis
1037 3313 1200 3408 pinnatis
1224 3314 1422 3406 instructo,
1454 3314 1604 3386 interior
1629 3315 1773 3408 minor,
1801 3315 1918 3388 forma
1944 3319 2052 3409 ovali‚

261 3439 343 3534 pilis
368 3437 523 3512 omnino
549 3434 732 3534 destituta.
764 3475 817 3494 -
847 3435 927 3508 Par
946 3431 1107 3534 primurn
1129 3433 1268 3531 pedum
1291 3432 1582 3536 abdominalium
1608 3435 1836 3520 illuderlltsse
1860 3438 2051 3526 Sabaei.)

263 3561 451 3649 (Sabaei.
475 3559 622 3634 Tanti.
649 3561 720 3655 Fig-
734 3559 784 3644 V.)
817 3559 899 3630 loco
934 3581 1168 3654 proeeoeuum
1204 3558 1370 3654 quinque
1406 3559 1561 3630 aliorum
1587 3557 1749 3656 pedum,
1783 3561 1869 3631 setis
1894 3575 2054 3656 quatuor

261 3682 476 3758 instructum
500 3696 568 3776 est,
594 3706 750 3778 quarum
777 3679 872 3755 duae
897 3682 1060 3752 minores
1083 3682 1248 3776 margine
1269 3681 1308 3770 in
1333 3681 1526 3774 inferiore,
1552 3678 1647 3754 duae
1673 3681 1856 3778 longiores
1882 3684 1921 3753 in
1948 3685 2052 3779 apice

262 3807 403 3900 positae
429 3819 537 3900 sunt3
571 3803 618 3878 ad
649 3807 755 3878 basin
785 3817 882 3878 setae
915 3804 1147 3900 longissimae
1181 3817 1218 3874 et
1247 3803 1287 3876 in
1319 3803 1483 3899 margine
1518 3801 1624 3898 pedis
1648 3804 1836 3898 superiore
1862 3829 2054 3900 processus

264 3924 414 4023 quidam
450 3928 619 4021 parvidus
649 3927 890 4024 subglobosus
920 3927 1008 3998 situs
1040 3939 1104 3998 cst.
1139 3961 1181 3981 ·-
1206 3924 1288 3997 Per
1317 3923 1551 3998 undecimam
1586 3922 1725 4022 pedum
1757 3924 2051 4000 obdorrrinalinm

265 4047 499 4132 (liutterlitsse
530 4047 716 4134 Sabaei.)
751 4047 856 4132 (Tam.
870 4047 897 4120 I.
934 4047 1021 4146 th.
1043 4045 1118 4120 IV.
1171 4025 1407 4118 -Sclaaeb
1436 4046 1591 4117 TablV.
1631 4047 1771 4143 sigla.
1804 4053 1936 4132 etlll·)
1968 4050 2051 4120 loeo

264 4171 521 4244 branchiamnr
549 4171 616 4242 lert
640 4173 821 4267 capsulam
846 4168 1032 4267 quandam
1057 4169 1131 4240 sive
1157 4169 1425 4264 receptaculum
1449 4193 1602 4240 ovorum
1621 4169 1935 4263 reservandorum,
1957 4170 2054 4250 ‹luo-

264 4295 333 4366 bus
357 4293 490 4367 l'oliolis
515 4293 780 4390 compositum,
814 4315 971 4388 quorum
1005 4292 1164 4364 anterius
1198 4304 1405 4370 excavatum
1438 4292 1564 4388 planta
1590 4291 1696 4387 pedis
1720 4291 1894 4384 dilatata,
1927 4306 2053 4388 poste-
2162 4306 2164 4314 ’

263 4417 339 4490 rius
379 4418 590 4514 operculare
622 4415 799 4488 branchia
825 4415 1003 4487 exteriore
1040 4425 1263 4488 commutata
1297 4411 1465 4486 ellectum
1499 4427 1564 4484 est.
1625 4414 1825 4486 Branchine
1867 4413 2052 4488 interioris

265 4540 319 4612 vel
347 4539 486 4612 nullum
510 4537 699 4636 vestigium
726 4538 906 4633 reperitur
930 4538 987 4608 vel
1008 4535 1256 4610 rudimentum
1284 4536 1451 4631 capsulae
1477 4534 1652 4630 operctdo
1680 4521 1892 4604 adhaerens.
1928 4533 2053 4608 Primo

265 4664 306 4734 in
339 4663 490 4736 arficulo
521 4661 630 4760 pedis
650 4662 731 4763 ,stab
763 4683 853 4734 coxa
891 4659 1072 4733 orificium
1105 4657 1264 4753 partium
1296 4656 1508 4757 genitalium
1543 4656 1781 4730 femineorum
1822 4656 1878 4739 (cl.
1912 4655 2001 4732 Tab.
2021 4656 2058 4734 1.

265 4787 350 4887 mg.
362 4785 438 4861 IV.
459 4787 517 4872 0.)
550 4787 658 4858 situm
687 4797 752 4858 est.
777 4819 828 4840 -
863 4781 987 4856 Pedes
1010 4783 1231 4880 posterioris
1257 4778 1469 4852 abdominis
1497 4781 1621 4876 partis
1658 4776 1846 4860 (Sabaei.
1881 4779 2052 4878 TabrllJ·

268 4911 338 5006 Fig.
357 4909 548 4994 tv-vttt
580 4909 715 4980 similes
741 4904 892 5004 quidem
920 4905 1197 5005 anterioribus„
1216 4900 1283 4976 sed
1306 4901 1422 4976 multo
1447 4902 1610 4972 minores
1629 4911 1736 4994 sunt,
1770 4923 1839 4974 uec
1864 4923 2056 4998 processus

265 5031 422 5126 soliensi,
446 5055 573 5129 quum
588 5055 717 5103 omnes
740 5031 780 5104 in
804 5028 968 5126 margine
994 5026 1166 5101 inferiore
1192 5025 1303 5122 positi
1329 5025 1419 5117 sint,
1445 5020 1586 5094 chelam
1612 5034 1854 5117 componunt.

367 5154 524 5251 Causae,
546 5151 692 5254 [quibus
726 5155 984 5230 nonnullarum
1017 5149 1176 5247 partium
1212 5143 1533 5220 denominationes
1566 5155 1810 5217 commutatae
1836 5143 1930 5235 sint,
1970 5142 2055 5214 ani·
