4786 6002
1132 629 1382 712 ...ffl-

351 828 563 904 diotribntio
590 827 805 925 opinionem
831 825 991 924 positam
1017 819 1199 911 affirmare
1221 821 1377 919 videtur,
1402 847 1492 898 nam·
1516 838 1552 910 ot
1577 821 1811 898 mandibulae
1829 837 1867 896 et
1888 825 2052 900 maxillae
2064 849 2152 902 net·-

354 976 419 1025 vno
444 953 531 1050 ipois
556 975 576 1022 e
600 949 751 1047 gangiiie
784 949 990 1045 accipiunt,
1018 943 1084 1019 eod
1109 945 1135 1020 ii
1162 949 1264 1020 nervi
1279 948 1515 1044 tenuissimi,
1550 949 1615 1047 qui
1641 947 1690 1022 ad
1717 948 1783 1021 hao
1817 960 2001 1045 penteone
2025 947 2152 1020 eonio·

354 1087 454 1168 runt,
479 1097 521 1144 ex
547 1073 615 1143 inis
641 1071 772 1166 nervia,
800 1073 864 1169 qui
886 1067 1090 1144 seeundum
1116 1073 1287 1170 gangiion
1312 1074 1539 1148 thorneieum
1565 1099 1647 1146 eum
1673 1073 1796 1170 primo
1821 1073 1963 1171 gangim
1979 1069 2151 1142 abdomi-

360 1197 434 1268 naii
459 1195 708 1292 coniungunt,
738 1194 918 1287 oriuntur,
939 1203 982 1266 ut
1005 1192 1057 1265 iili
1083 1193 1235 1292 quoque
1261 1199 1386 1292 nervi,
1411 1198 1477 1295 qni
1502 1196 1548 1270 ad
1573 1196 1781 1270 rudimenta
1806 1196 1965 1270 duorum
1991 1195 2152 1268 anterio-

355 1341 436 1390 mm
465 1315 603 1413 pedum
628 1318 901 1389 thoraeieornm
925 1315 1132 1412 pertinent,
1170 1341 1245 1392 non
1272 1344 1293 1390 e
1318 1321 1462 1418 gangiio
1491 1319 1669 1419 quodam,
1685 1319 1760 1398 'sed
1785 1299 1947 1392 anemis
1967 1317 2151 1414 oesopha-

354 1463 441 1537 gum
464 1439 796 1536 complectentibus
817 1440 1043 1512 emittuntur.
1097 1439 1251 1536 Propria
1276 1453 1395 1511 antem
1424 1463 1509 1537 paro
1533 1439 1742 1537 quaedam,
1770 1463 1866 1538 quae
1891 1439 2033 1536 linguae
2060 1436 2151 1512 Cru-

356 1575 562 1636 etneeorum
587 1561 743 1636 aliorum
767 1562 1009 1661 respondeat,
1040 1564 1080 1635 in
1106 1561 1235 1661 Apode
1261 1561 1510 1657 desideratur,
1538 1563 1606 1636 sed
1629 1562 1783 1636 dubium
1807 1587 1884 1636 eme
1908 1560 2074 1656 videtur,
2104 1587 2151 1636 an

357 1685 450 1758 haee
474 1708 557 1782 para
582 1684 620 1756 in
647 1685 819 1756 omnibus
846 1686 975 1758 ceteris
1000 1682 1200 1758 Crustaceie
1232 1685 1465 1758 inferioribus
1499 1698 1598 1758 cente
1624 1685 1866 1760 demonstrari
1901 1685 2026 1784 possit.
2077 1686 2152 1757 Hae

356 1831 485 1882 caueae
507 1821 601 1902 eunt,
627 1809 762 1906 quibus
786 1823 907 1882 metuo
930 1807 1252 1882 denominationes
1277 1809 1351 1880 orio
1370 1809 1534 1912 panium
1559 1804 1840 1893 commutandas
1862 1831 1940 1880 esee
1965 1810 2101 1905 putavi.
