4786 6002
1052 672 1311 747 ...ῃ-

268 863 575 941 otraounnnrom
601 867 726 962 inopie
749 861 852 937 ordio
878 861 993 936 modo
1012 865 1095 938 tisri
1120 861 1416 963 pessumdetur,
1447 879 1504 940 ut.
1524 867 1692 962 corporis
1727 863 1869 965 partem
1903 865 2062 964 aliquam

269 987 559 1088 iprum·rideat;
582 1005 691 1061 ‘nam
712 999 812 1059 suso
827 987 947 1084 primi
986 987 1123 1086 pedum
1157 981 1452 1062 abdomiualimu
1481 988 1578 1084 paris
1611 1013 1690 1062 non
1716 987 1764 1061 ad
1791 989 1916 1061 ocutos
1941 993 2062 1088 usqne

268 1113 481 1211 memorari
502 1137 623 1210 posse»
635 1091 816 1184 ridentur.

300 1292 303 1301 Δ
370 1233 718 1311 Oouiimembrana
744 1231 904 1330 quadam
927 1232 1144 1306 eimumdati
1167 1247 1253 1304 strat
1271 1229 1368 1332 (Εἰς.
1391 1232 1545 1307 XVIII.
1573 1235 1609 1308 a
1629 1233 1681 1327 t),
1720 1257 1814 1330 qnae
1840 1235 1909 1330 ipsi
1935 1257 2064 1307 eorum

269 1358 427 1456 margini
449 1354 563 1431 affixa*
583 1371 647 1429 ost.
678 1357 910 1449 Quomodo*
931 1359 1003 1429 hoo
1030 1357 1161 1430 factum
1189 1357 1251 1450 sit,
1286 1369 1327 1428 et
1355 1379 1442 1428 uum
1478 1357 1566 1454 ipsis
1591 1379 1674 1429 cum
1696 1359 1918 1453 'corporibus
1942 1359 2066 1436 ritreb

271 1481 363 1552 baec
388 1481 605 1584 membrana
622 1503 795 1566 conen
810 1481 878 1574 sit,
899 1481 985 1552 boo
996 1482 1210 1577 perspicere
1235 1479 1331 1551 'mibi
1359 1505 1436 1552 non
1462 1481 1575 1574 licuit,
1600 1479 1798 1552 arctissime
1824 1493 1944 1550 autem
1968 1481 2064 1551 inte·

270 1605 362 1676 riori
389 1605 580 1675 nordeum
604 1603 698 1699 pasti
717 1603 967 1697 ³cmarginatae
993 1602 1178 1676 adhaeret.
1239 1605 1397 1702 Margine
1423 1615 1572 1674 externo
1608 1603 1700 1674 bace
1733 1603 1946 1674 membrana
1979 1623 2062 1674 oum

271 1727 331 1798 aa
354 1723 994 1824 membrana·solidioretI⁴'r'g.“XIX.
1015 1727 1070 1810 F.)
1085 1751 1248 1801 connexa
1274 1741 1340 1822 est,
1366 1750 1460 1824 quae
1486 1741 1524 1798 et
1544 1727 1669 1798 ocutos
1694 1739 1731 1796 et
1755 1726 1945 1797 cerebrum
1974 1749 2065 1796 con-

271 1849 387 1922 cludit
411 1875 458 1922 ao
480 1851 589 1947 supra
614 1849 1022 1947 iusim··'copiosiusque
1048 1845 1229 1947 descripta
1258 1865 1322 1921 est.
1372 1849 1490 1925 Media
1522 1851 1560 1920 in
1593 1847 1720 1920 cadem
1755 1849 1851 1944 linea
1881 1847 2064 1944 quaedam

272 1973 466 2046 obscurior
488 1973 723 2069 conspicitur,
747 1971 826 2070 quo
852 1974 937 2045 loco
961 1973 1115 2047 musculi
1142 1975 1192 2049 itti
1218 1973 1349 2047 radiati
1374 1996 1452 2050 sese
1478 1977 1642 2046 inserunt
1665 1969 1766 2072 (Fig.
1782 1968 1933 2045 XVIII.
1955 1972 2062 2048 XIX.

273 2095 351 2190 Ga,
378 2098 490 2194 qui-a
514 2099 729 2170 niembrena
753 2092 947 2175 tendmosa
973 2097 1054 2192 orti,
1072 2122 1202 2169 nervos
1227 2093 1370 2204 opticus
1396 2095 1633 2170 cireumdant.
1694 2096 1771 2166 Hoc
1798 2094 1953 2190 spatium
1981 2119 2065 2166 mu·

271 2219 379 2292 aculis
402 2233 438 2292 ct
463 2220 831 2298 nemis'interiectum
859 2222 1003 2318 sanguis
1027 2223 1173 2318 perfluit
1198 2235 1235 2294 et
1258 2221 1332 2294 hoc
1346 2221 1471 2294 'modo
1494 2222 1656 2294 tunicam
1677 2215 1930 2292 chorioideam
1945 2241 2065 2315 quan-

273 2339 358 2414 dam
383 2343 467 2440 ipse
487 2341 606 2414 resen.
641 2335 807 2419 ··ttuscutt
832 2343 962 2418 radiati
989 2365 1119 2417 nervos
1142 2346 1348 2442 sompturcs
1373 2345 1469 2444 (Εἰς.
1481 2344 1628 2418 XXIII.
1642 2342 1678 2428 l.)
1703 2341 1905 2438 accipiunt,
1933 2341 1995 2437 qui
2020 2361 2063 2412 er

275 2463 396 2536 bulbis
421 2465 553 2561 opticis
586 2477 623 2536 et
656 2483 699 2536 ox
726 2463 1003 2538 intumescentia
1034 2469 1135 2540 nervi
1162 2470 1274 2564 optici
1303 2470 1447 2541 minore
1477 2470 1657 2561 oriuntur,
1690 2464 1793 2562 quod
1824 2463 2081 2538 memorabiis'

275 2607 356 2658 esse·
377 2585 644 2683 rideturfquia
669 2589 770 2660 uerri
797 2589 910 2685 optioi
939 2589 1016 2661 aiiis
1042 2591 1320 2663 inanimalibus
1346 2593 1464 2664 nullos
1487 2593 1659 2664 emittunt
1682 2611 1816 2661 ramos.

302 2763 303 2768 η
372 2715 404 2791 t.
431 2713 494 2784 36.
532 2709 668 2784 ocutr
687 2711 844 2785 animati
880 2701 1031 2787 inveniti
1057 2719 1206 2814 proprii
1237 2715 1494 2788 rudimentum.
1533 2750 1579 2769 ·-
1612 2696 1830 2808 Priusquam
1860 2711 1902 2782 in
1937 2707 2067 2805 Apode

213 2823 221 2830 ’
277 2833 425 2912 iuvenili
452 2835 552 2906 ocuti
573 2835 772 2932 compositi
798 2837 967 2932 existunt,
995 2837 1128 2910 animal
1155 2839 1262 2910 oculo
1289 2839 1420 2935 impari
1441 2839 1656 2910 instructum
1683 2848 1758 2929 est„
1774 2831 1877 2931 quod
1895 2855 1971 2930 quo
1988 2839 2067 2904 ma-

276 2956 331 3052 gis
352 2956 541 3053 magisque
572 2957 624 3030 ttti
659 2958 911 3057 magnitudine
949 2943 1143 3058 augentur,
1176 2959 1362 3059 eo'magis
1397 2961 1602 3059 expallesoit
1634 2971 1671 3030 et
1699 2955 1853 3030 tandem
1878 2955 2068 3027 evanescit.

279 3075 540 3153 Rudimentum
567 3093 689 3152 autem
713 3082 821 3154 huius
844 3083 943 3155 ocuii
964 3083 1095 3156 adultis
1129 3086 1237 3162 etiam
1265 3087 1303 3157 in
1328 3085 1546 3158 animalibus
1570 3083 1773 3181 reperitur,
1808 3076 1912 3177 quod
1938 3094 2070 3174 quam-

277 3221 389 3296 quam
422 3225 501 3274 non
525 3225 672 3298 semper
705 3204 1096 3304 ca'demesttorma,
1132 3211 1351 3306 pierumque
1382 3233 1403 3280 e
1432 3232 1549 3286 massa
1583 3203 1741 3303 quadam
1769 3225 1925 3293 nervea,
1951 3199 2071 3270 torma

277 3333 395 3415 orata,
417 3335 561 3396 constat
586 3325 952 3425 (fig-XIX-XXI.
970 3331 1020 3416 C.)
1048 3345 1083 3402 et
1107 3332 1203 3403 inter
1227 3321 1427 3404 anteriores
1454 3311 1644 3402 ocidorum
1672 3325 1961 3422 compositorum
1986 3345 2074 3417 par·

273 3455 330 3516 tes
355 3445 464 3518 situm
479 3459 556 3517 est
586 3447 853 3546 ›Insupecticic
880 3465 992 3524 testae
1018 3467 1188 3526 externae
1213 3455 1244 3528 is
1267 3457 1381 3550 loeus,
1408 3455 1465 3528 cui
1491 3455 1564 3526 hoe
1592 3451 1687 3523 ocuti
1710 3447 1961 3520 rudimentum
1981 3469 2072 3540 sup·

274 3565 436 3666 positum
460 3583 528 3663 est,
551 3571 738 3645 interdum
768 3578 910 3648 macuta
936 3579 1115 3652 irreidiore
1142 3591 1319 3676 praestat,
1344 3579 1446 3650 euius
1471 3578 1588 3648 forma
1615 3575 1697 3647 cum
1722 3575 1757 3645 M
1785 3571 1942 3644 Gothico
1970 3585 2074 3639 com·

275 3705 380 3790 purat
404 3693 652 3768 Sohaciier.
684 3698 789 3770 ‘testa
815 3703 912 3772 edim
931 3703 1113 3797 hocloco,
1139 3717 1179 3776 ut
1203 3703 1405 3776 observavit
1429 3698 1674 3793 Benenate,
1701 3695 1885 3768 interdum
1910 3707 1952 3764 ut
1976 3692 2074 3762 cius·

276 3814 362 3888 dem
383 3822 480 3913 peta,
498 3838 603 3914 ¹quae
625 3822 751 3894 oeulos
779 3826 931 3922 magnos
963 3799 1111 3924 obtegit,
1138 3823 1317 3924 pellucida
1345 3841 1417 3920 est3
1451 3823 1634 3896 interdum
1667 3833 1787 3893 autem
1813 3819 1906 3888 baec
1930 3815 2071 3886 macuta

275 3937 458 4035 pellueida
480 3961 567 4029 urm
594 3942 663 4014 ittis
685 3945 887 4017 maioribus
913 3947 1065 4044 confluit
1096 3935 1173 4022 neo'
1196 3950 1293 4020 bene
1321 3939 1569 4044 'distincteque
1602 3943 1836 4040 conspicitur.
1865 3939 2073 4010 -'Nerrus

276 4057 522 4162 (Fig.'XX.e.)
549 4061 636 4134 huie
662 4067 769 4138 ooulo
804 4068 997 4165 peculiaris
1024 4053 1147 4144 medio
1175 4097 1194 4143 e
1219 4073 1407 4170 superiore
1433 4071 1595 4168 margine
1622 4066 1761 4143 cerebri
1803 4065 1898 4136 inter
1922 4083 2075 4156 magno-

278 4205 361 4260 tum
388 4185 579 4284 oculorum
606 4209 736 4260 nervos
762 4192 952 4266 eduabus
977 4195 1162 4269 radicibus
1189 4195 1325 4289 oritur,
1350 4201 1570 4290 quae'mox
1603 4191 1783 4263 inunum
1813 4195 1961 4256 nervum
1989 4182 2073 4254 satis

278 4327 435 4376 crassum
465 4321 724 4403 concreantur,
763 4324 799 4383 et
831 4313 1108 4388 intumescentia
1135 4317 1294 4414 quadam
1322 4315 1548 4414 composita,
1577 4315 1617 4386 in
1648 4313 1788 4409 apicem
1819 4321 1960 4378 exeunt.
2017 4304 2072 4376 ab

277 4436 437 4521 utroque
463 4427 573 4499 latere
601 4431 692 4503 haec
719 4434 995 4510 intumescentia
1029 4463 1111 4510 cum
1138 4441 1258 4513 bulbis
1284 4441 1413 4538 opticis
1446 4439 1635 4512 oculorum
1663 4453 1878 4531 magnorum
1910 4451 2073 4502 connexa

279 4569 355 4618 osae
380 4545 546 4644 ridetur,
582 4569 730 4652 aparte
757 4571 877 4632 autem
903 4563 1107 4659 posteriore
1141 4589 1291 4638 nervum
1324 4564 1579 4638 tenuissimum
1614 4556 1720 4650 (ibid.
1735 4563 1786 4655 s.)
1814 4554 1972 4648 emittit,
2007 4553 2071 4650 qui

277 4667 377 4742 illem
402 4672 614 4769 tanatem,
647 4698 742 4775 quae
769 4683 863 4754 inter
888 4709 1039 4782 magnos
1066 4687 1190 4758 oculos
1213 4687 1279 4758 sita
1304 4683 1494 4757 ventriculi
1516 4680 1637 4754 cordis
1662 4677 1825 4749 arteriosi
1859 4701 1941 4774 pars
1967 4687 2070 4746 ante·

278 4791 357 4864 rior
379 4805 457 4886 est,
496 4819 561 4892 por
586 4799 760 4875 foramen
779 4790 857 4878 cius
882 4811 1040 4881 anterius
1074 4808 1312 4911 (Figxml.
1339 4809 1382 4884 E.
1408 4815 1453 4892 ο.)
1480 4809 1591 4879 intrat
1615 4802 1782 4900 duosque
1808 4804 1846 4873 in
1871 4823 1990 4872 ramos
2016 4795 2074 4868 di-

280 4911 429 4986 viditur.
454 4961 498 4976 -
528 4921 584 4992 Ab
606 4925 710 5021 apice
742 4931 844 5004 uerri
879 4933 1055 5032 utrinqne·
1086 4935 1312 5008 filamentum
1346 4949 1456 5006 tenue
1492 4927 1689 5030 (1⁹55.th
1715 4933 1769 5026 gi
1796 4925 1843 4998 ad
1873 4923 2074 5018 marginem

283 5039 632 5138 membranaceum,
660 5049 731 5144 qui
757 5053 884 5124 ootdos
910 5079 1062 5153 magnos
1096 5059 1297 5134 circumdat
1327 5072 1363 5129 et
1394 5057 1501 5129 huius
1527 5074 1678 5152 quoque
1704 5047 1799 5122 ocuti
1825 5046 2074 5119 rudimentum

283 5160 443 5258 ⁰b²⁰8sta
480 5168 668 5242 emittitur.
722 5173 982 5273 Aposterior'e
1015 5199 1117 5280 parte
1143 5197 1385 5282 conspectus,
1419 5201 1549 5252 necrus
1583 5177 1679 5250 ocuti
1714 5199 1755 5246 ex
1789 5185 1945 5269 utraque
1971 5179 2076 5269 parte
