4786 6002
617 1129 1032 1296 ¹-rrror'onr'a
1086 1159 1649 1340 uvonumoura
1735 1216 1743 1222 ·

1053 1483 1254 1516 *adn-uu?

354 1713 385 1788 §-
411 1701 472 1779 llo.
525 1701 663 1802 Apodic
685 1699 1180 1792 evolutionemSchaeller
1204 1701 1356 1801 quidem
1382 1703 1454 1776 iam
1481 1703 1744 1778 observanter
1767 1704 1807 1777 in
1831 1703 1948 1780 libero
1973 1729 2039 1778 suo

257 1853 293 1926 p.
313 1830 535 1901 tte-122.
563 1824 774 1923 descripsit,
808 1840 933 1900 tamen
958 1851 1074 1924 quum
1106 1827 1240 1898 multae
1264 1821 1493 1924 gravissimae
1525 1849 1582 1898 ree
1607 1826 1665 1898 al*
1681 1851 1726 1898 eo
1752 1827 1935 1924 neglectae
1959 1831 2045 1923 sint,

256 1949 466 2048 diligentior
495 1948 718 2021 diversarum
748 1948 947 2022 lormarum
984 1948 1410 2045 commutationumque,
1448 1971 1539 2044 quas
1571 1948 1725 2021 iuvenile
1750 1947 1888 2046 Apodis
1912 1973 2045 2046 eorpus

259 2070 351 2163 init,
375 2068 573 2165 descriptio
602 2055 679 2140 don
704 2091 971 2164 supervacanea
998 2093 1075 2142 etse
1097 2067 1251 2140 ridetur.
1301 2073 1304 2079 '

358 2187 522 2263 Ovorum
547 2191 703 2286 parvitas
729 2204 766 2262 et
790 2215 905 2288 opaca
930 2204 1099 2264 externae
1126 2212 1252 2262 eorum
1278 2202 1391 2262 testae
1417 2201 1545 2264 natura
1576 2192 1615 2265 in
1642 2187 1867 2265 observanda
1892 2216 1934 2264 ea
1959 2216 2046 2266 ero·

257 2313 406 2396 lotione,
434 2337 545 2409 quam
569 2337 720 2410 germen
744 2314 824 2409 ipso
851 2315 889 2386 in
913 2337 983 2386 oro
1010 2313 1189 2409 sequitur,
1216 2312 1345 2384 mrtltas
1371 2325 1523 2386 evocant
1546 2311 1785 2386 difficultates.
1825 2314 1948 2411 Quare
1974 2313 2043 2384 hac

258 2434 305 2507 de
330 2449 432 2530 parte
459 2436 677 2508 evolationis
703 2435 807 2529 nihil,
834 2435 937 2533 quod
961 2435 1094 2529 dicam,
1119 2433 1253 2506 habeo.
1297 2433 1340 2505 Ut
1364 2447 1484 2506 autem
1507 2433 1669 2508 diversae
1694 2425 1926 2529 mutationes,
1950 2457 2044 2532 quae
2172 2443 2179 2460 ’

258 2558 296 2627 in
322 2580 478 2652 corpore
503 2545 687 2652 animalia
708 2581 777 2630 oro
803 2557 944 2649 relicto,
971 2556 1221 2650 observantur,
1247 2554 1383 2628 laelliua
1408 2556 1695 2656 perspiciantur,
1718 2570 1843 2631 totum·
1866 2556 2044 2628 evolutio-

256 2677 312 2748 nis
338 2667 483 2774 tempus
508 2691 666 2775 quatuor
692 2678 730 2750 in
750 2690 873 2775 partes
899 2676 1063 2751 dividere
1090 2680 1206 2752 liceat.
1261 2678 1336 2748 Hae
1362 2689 1462 2748 sunt:

335 2800 362 2869 l.·
413 2800 587 2872 Animalia
612 2823 656 2872 ex
680 2823 752 2873 oro
776 2823 1004 2898 progressus»

321 2918 362 2990 ll.
415 2921 469 2992 ab
505 2921 671 2994 animalia
706 2945 749 2994 ex
783 2945 853 3026 opo
885 2945 1078 3022 progressu
1108 2945 1226 3020 usque
1260 2919 1308 2996 ad
1342 2921 1547 3020 primorum
1581 2918 1718 3020 pedum
1736 3005 1738 3010 ,
1755 2919 2043 3020 abdominalium

408 3041 667 3140 evolutionem.

307 3161 362 3233 lll.
414 3163 470 3234 ab
496 3164 705 3241 evolutione
731 3165 936 3262 primorum
959 3163 1099 3264 pedum
1124 3169 1413 3252 abdominalium
1435 3190 1552 3266 usque
1578 3163 1625 3240 ad
1644 3164 1926 3240 decrescentiam
1949 3166 2044 3262 paris

234 3267 241 3278 ⁸
407 3284 544 3382 pedum
571 3287 843 3360 theracieorum
869 3289 1032 3368 secundi.

181 3449 208 3463 -·
308 3407 361 3480 lv.
413 3407 714 3515 Adecresccntia
739 3413 835 3508 paris
861 3411 1000 3509 pedum
1025 3413 1298 3491 thoracicorum
1324 3413 1475 3490 cenandi
1500 3435 1616 3512 usque
1641 3409 1690 3486 ad
1711 3408 1928 3510 receptaculi
1954 3431 2044 3480 oro-

407 3555 488 3606 rum
517 3533 656 3608 externi
682 3535 939 3609 evolutionem.

792 3928 1017 3984 Animalia
1043 3943 1097 3984 ox
1122 3941 1205 3984 oro
1229 3937 1510 3998 progr-eccur·

983 4091 1042 4144 rat.
1066 4091 1112 4146 rr.
1141 4091 1196 4160 na.
1216 4089 1315 4144 r-rr.

276 4341 280 4348 .
354 4287 385 4364 §.
412 4277 474 4354 lli.
525 4283 600 4358 lam
624 4285 664 4368 in
687 4285 894 4360 orariorum
917 4285 1162 4385 descriptione
1188 4285 1278 4368 duas
1307 4286 1538 4360 membranas
1570 4285 1609 4355 in
1638 4284 1715 4358 ovis
1744 4278 1881 4376 Apodis
1912 4278 2042 4355 distin-

166 4480 172 4493 ,
255 4405 417 4502 guendas
443 4431 540 4502 esse,
570 4409 750 4484 internam
775 4425 940 4484 teneram
967 4425 1003 4482 et
1029 4410 1269 4507 pellucidam,
1300 4423 1484 4486 externam
1509 4407 1710 4482 coriaceam
1740 4419 1777 4477 et
1799 4425 1951 4500 opacam
1975 4400 2042 4475 de-

256 4529 548 4620 monstravimuc.
598 4532 815 4629 Priusquam
841 4547 963 4608 atatem
988 4557 1136 4637 germen
1163 4535 1204 4608 in
1228 4551 1297 4616 oto
1323 4535 1507 4610 evolutum
1535 4545 1612 4623 est,-
1644 4529 1770 4626 viginti
1786 4537 1787 4542 ’
1803 4529 1875 4603 lere
1898 4537 2042 4623 praete·

255 4633 363 4722 reunt
387 4651 465 4734 dies
490 4665 604 4750 atquc
623 4655 704 4734 ¹hoe
736 4675 802 4752 per
836 4670 982 4761 tempus
1015 4669 1052 4736 et
1075 4656 1231 4735 sormam
1264 4655 1462 4734 rotrudam
1478 4653 1479 4657 ’
1496 4670 1533 4730 et
1552 4651 1717 4754 ,eandem
1746 4636 2041 4758 ‘magnitudinem

257 4795 366 4844 orum
391 4775 532 4846 retinet.
582 4775 673 4847 Tum
698 4791 819 4851 autem
844 4779 944 4852 foetu
976 4781 1221 4852 maturitatem
1249 4793 1378 4874 nacto,
1412 4779 1530 4876 prima
1560 4793 1718 4854 externa
1749 4779 1808 4868 pri
1833 4771 2042 4846 rnembrana

255 4893 385 4970 rimam
412 4898 485 4993 agit
509 4897 603 4998 (Fig.
629 4899 695 4993 1.),
728 4899 872 4974 interna
894 4902 1017 4976 adhuc
1044 4906 1204 5002 integra,
1244 4917 1279 4975 et
1314 4905 1455 4998 scetus,
1487 4903 1551 4999 qui
1583 4901 1630 4975 ad
1663 4901 1736 4972 hoc
1769 4913 1913 4995 tempus
1937 4893 2041 4966 ralde

256 5032 333 5093 wat
358 5035 598 5116 compressus,
624 5047 721 5095 nunc
747 5039 869 5098 autem
902 5050 941 5098 oe
971 5051 1119 5099 morere
1152 5039 1188 5098 et
1213 5027 1390 5123 explicare
1420 5025 1568 5121 coepit,
1600 5017 1851 5096 membranam
1877 5032 2041 5090 teneram

256 5136 438 5212 internam
466 5140 629 5214 extendit
653 5157 689 5215 et
712 5142 886 5241 tandem,
908 5144 1031 5219 adhuc
1056 5149 1126 5220 hac
1150 5149 1331 5242 inclusus,
1356 5147 1591 5252 membranae
1617 5156 1791 5216 externae·
1807 5143 1937 5221 rimam
1966 5139 2044 5212 elu-
